2626 4204
912 409 1205 456 -439—

206 504 420 556 Exsere
459 504 751 568 formOSOS,
793 506 876 558 sol
913 506 1328 569 formosissime,
1370 523 1587 570 curru&

281 593 511 657 Exsere,
553 595 632 646 sic
670 594 876 648 virides
917 596 1062 648 lauri
1102 596 1480 664 pulcherrima
1521 612 1739 664 semper
1914 595 2003 648 20-

282 683 351 734 Et
385 682 553 751 jubar
592 688 650 736 et
689 684 838 754 longi
878 685 1240 738 circumstent
1276 689 1530 753 tempora
1569 685 1782 746 crines3

283 773 635 842 Purpureum
671 773 783 842 jam
823 774 962 826 tolle
1004 779 1185 843 caput,
1230 790 1350 826 mea
1387 777 1518 826 vota
1556 774 1812 826 moraris.

361 861 582 915 Abdere
622 863 751 931 quid
790 879 973 915 cessas
1013 863 1283 926 rorantia,
1324 863 1568 926 Lucifer,
1611 862 1797 915 astra?

208 949 313 1011 Qui
352 951 536 1020 potuit
571 949 772 1011 flavam
807 951 1027 1020 juvenis
1067 951 1269 1005 vidisse
1310 951 1616 1021 Cytherim,

282 1039 353 1091 Et
390 1055 499 1092 non
541 1040 808 1093 extremis
848 1039 1143 1109 flagrantia
1180 1041 1296 1092 tela
1334 1040 1591 1093 medullis
1916 1040 1988 1093 25

283 1128 465 1182 Sensit
502 1133 560 1181 et
598 1130 852 1182 insolitos
891 1146 1000 1182 non
1040 1134 1269 1199 pectore
1311 1129 1552 1198 concipit
1592 1134 1796 1191 aestUS,

282 1218 508 1287 Alpinas
548 1218 691 1271 idem
731 1219 938 1288 glacies
978 1223 1036 1272 et
1073 1219 1289 1288 frigora
1327 1218 1504 1271 nudus

281 1308 574 1372 Transeat,
616 1313 690 1371 et,
732 1309 908 1378 rapidi
947 1309 1128 1378 fulget
1168 1326 1291 1362 cum
1333 1309 1497 1361 stella
1537 1308 1730 1368 leoniS‚

280 1399 499 1467 Appula
538 1399 781 1452 sollicito
821 1400 1165 1452 transmittat
1202 1416 1407 1469 pascua
1447 1415 1632 1452 cursu.

283 1488 560 1540 Paulatim
600 1488 820 1557 fugiunt
845 1489 1129 1552 tenebrae,
1170 1489 1271 1542 lux
1297 1489 1553 1558 proxima
1581 1490 1782 1558 surgit;
1917 1488 1989 1540 30

356 1577 578 1630 Abdere
619 1577 748 1646 quid
787 1594 970 1630 cessas
1011 1579 1278 1642 rorantia,
1319 1578 1562 1642 Lucifer,
1598 1578 1782 1630 astra?

209 1666 345 1721 Cum
386 1667 532 1720 subit
571 1669 624 1742 in
664 1672 903 1721 mentem
943 1668 1106 1737 Majis
1147 1685 1286 1736 quae
1314 1667 1487 1721 Verba
1512 1667 1777 1720 Kalendis

289 1758 509 1810 Dixeris
549 1763 607 1810 et
641 1757 836 1826 juncta
875 1758 1095 1811 dederis
1135 1775 1275 1826 quae
1315 1758 1548 1810 foedera
1587 1758 1803 1820 dextra,

229 1856 233 1861 '
286 1847 474 1900 Ardua
514 1847 723 1899 stellati
762 1847 957 1899 videor
995 1847 1130 1899 mihi
1169 1847 1409 1900 culmina
1451 1847 1593 1900 caeli

282 1937 552 2006 Tangere,
593 1939 650 1988 et
690 1936 839 1989 elato
882 1936 1168 1989 sublimem
1207 1938 1422 1989 vertice
1465 1937 1775 2006 Olympum.
1919 1935 1991 1988 35

283 2025 417 2079 Cum
456 2043 652 2078 rursus
692 2026 852 2079 video
894 2026 1044 2095 quali
1084 2031 1140 2078 te
1181 2027 1387 2079 lumine
1429 2031 1640 2091 cernat,

282 2115 564 2184 Quamque
605 2115 758 2168 dolet
797 2116 947 2184 quali
987 2119 1273 2184 spectetur
1312 2116 1518 2167 lumine
1560 2116 1773 2185 Lynces

285 2205 440 2257 Mens
480 2204 616 2267 abit3
658 2205 801 2257 hanc
840 2221 1004 2258 roseo
1033 2205 1268 2258 reddent
1294 2210 1391 2258 tua
1420 2205 1626 2257 lumina
1652 2204 1830 2257 vultU.

357 2293 580 2348 Abdere
620 2294 748 2363 quid
788 2310 970 2347 cessas
1011 2295 1279 2357 rorantia,
1322 2295 1564 2357 Lucifer,
1599 2293 1783 2346 astra?

209 2384 477 2436 Proxima
517 2400 640 2436 cum
680 2385 917 2453 primum
959 2401 1017 2437 se
1055 2384 1155 2436 lux
1196 2384 1345 2436 dabit
1385 2401 1555 2436 aurea
1596 2383 1764 2436 terris
1917 2381 1987 2434 40

286 2474 525 2526 Invisum
567 2474 743 2526 multo
785 2474 1054 2542 pellemus
1094 2490 1323 2525 munere
1366 2474 1626 2543 lyncem.·

285 2562 422 2616 Sunt
460 2579 631 2632 grege
672 2562 737 2615 de
777 2563 939 2615 niveo
968 2563 1291 2615 tenuissima
1317 2563 1549 2625 vellera,
1579 2566 1636 2614 et
1663 2578 1834 2630 agnus

283 2652 478 2705 Mollia
516 2651 771 2704 candenti
811 2652 1045 2704 vestitus
1083 2656 1314 2721 tergora
1355 2652 1508 2714 lana,

285 2741 424 2796 Sunt
461 2741 664 2811 gemini
703 2742 873 2793 variis
914 2746 1261 2810 praestantes
1307 2740 1545 2810 pellibus
1586 2739 1766 2801 haedi,

282 2832 517 2883 Munera
554 2831 835 2884 formosae
875 2830 1077 2882 dudum
1119 2839 1339 2883 servata
1379 2830 1624 2899 puellae:
1921 2829 1993 2881 45

356 2919 578 2972 Abdere
619 2919 748 2988 quid
788 2936 970 2972 cessas
1009 2920 1274 2982 rorantia,
1317 2919 1559 2982 Lucifer,
1600 2918 1782 2971 astra?

209 3008 451 3062 Roscida
488 3014 726 3061 venturo
767 3012 1069 3061 vanescunt
1109 3008 1293 3061 sidera
1331 3008 1575 3072 Phoebo,

286 3098 467 3166 Atque
510 3097 653 3150 diem
691 3114 863 3150 rauco
904 3101 1183 3150 testantur
1221 3102 1450 3166 gutture
1490 3097 1641 3166 galli,

222 3255 278 3291 20.
309 3256 354 3290 V.
382 3255 490 3290 lauri
514 3261 583 3289 tua
610 3256 740 3290 lucida
764 3264 927 3299 semper.
975 3256 1030 3290 21.
1058 3257 1097 3291 C.
1125 3256 1169 3290 V.
1203 3258 1452 3291 circumdent.
1525 3258 1582 3291 26.
1613 3257 1655 3291 V.
1686 3256 1819 3291 Sentit.
1869 3257 1923 3291 36.
1949 3257 1989 3290 C.

132 3323 276 3350 rursus
299 3317 409 3350 vinco
432 3317 530 3360 (sic).
556 3334 574 3341 -
599 3317 646 3350 V.
675 3316 821 3350 lumine
843 3319 994 3358 spectet.
1089 3316 1146 3351 37.
1172 3317 1211 3351 C.
1239 3317 1284 3350 V.
1313 3318 1498 3360 Quodque
1521 3318 1632 3352 dolet.
1735 3316 1849 3351 42-46.
1877 3317 1917 3350 In
1947 3316 1987 3350 C.

133 3382 264 3420 questo
289 3385 398 3411 verso
420 3378 441 3411 ὸ
462 3375 502 3411 in
525 3376 637 3421 luogo
660 3377 717 3411 del
740 3377 785 3411 46
809 3375 870 3411 del
892 3381 989 3411 testo
1012 3376 1080 3410 che
1104 3377 1143 3410 vi
1167 3387 1314 3412 manca.
1341 3379 1380 3412 In
1406 3378 1452 3412 V.
1479 3379 1499 3412 e
1514 3377 1691 3412 invertito
1716 3377 1737 3410 1’
1752 3376 1892 3416 ordine,
1911 3386 1995 3420 pre-

131 3435 293 3470 cedendo
326 3436 338 3470 i
375 3446 440 3471 vv.
466 3436 575 3471 44-45
597 3446 618 3470 e
641 3436 829 3480 seguendo
852 3436 863 3470 i
888 3446 947 3470 vv.
974 3436 1087 3471 42-43
1109 3436 1168 3471 del
1193 3442 1300 3471 testo.
1418 3437 1476 3471 48.
1502 3437 1547 3471 V.
1594 3437 1851 3478 Testaturque
1888 3435 1990 3481 diem

130 3500 251 3530 cantu
277 3497 438 3530 cristata
462 3497 642 3531 volucris.
