2626 4204
933 398 998 406 -—
1035 371 1131 419 427
1167 398 1233 406 —

303 469 421 522 Nec
458 471 672 521 tantum
712 468 904 538 rapido
945 485 1144 522 cervus
1184 469 1485 539 deprensus
1526 469 1592 522 ab
1621 472 1778 521 aestu

303 557 453 610 Nare
491 574 594 627 per
632 574 941 626 aequoreos
981 556 1181 611 fluctus
1208 575 1310 627 per
1336 557 1562 611 flumina
1588 557 1808 627 gaudet,

304 647 579 708 Quantum
620 663 721 716 ego
763 647 945 699 divino
987 648 1226 700 laetatus
1265 648 1528 710 carmine,
1569 663 1676 716 quo
1703 651 1761 698 te

304 735 514 790 Sistere
554 735 887 788 crediderim
926 735 1125 789 fluvios
1166 753 1273 804 quo
1314 736 1519 789 ducere
1558 739 1791 798 monteS,

304 824 448 878 Mire
487 841 643 894 puer.
684 825 807 878 Non
847 825 986 877 haec
1025 824 1319 877 reddemus
1357 825 1529 877 verba
1567 824 1824 886 vicissim,
1938 820 2012 875 55

304 914 411 968 Sed
431 930 778 983 quocumque
798 913 960 966 modo
983 918 1175 966 nostra
1196 914 1336 966 haec
1359 913 1638 966 incondita
1659 913 1854 965 dicam.

155 1004 304 1057 ΜΕΝ.
346 996 680 1072 Incipe3‘sic
721 1019 1016 1070 numquam
1054 1002 1236 1055 foetas
1275 1003 1525 1055 variatus
1553 1002 1740 1071 asylus

304 1092 582 1161 Exagitet,
623 1091 924 1160 pecorique
963 1095 1060 1144 tuo
1101 1108 1204 1144 nec
1243 1090 1430 1143 tabida
1469 1090 1640 1160 pestis

306 1182 555 1250 Ingruat‚
595 1184 693 1233 aut
729 1180 846 1232 fato
887 1183 1120 1249 pereant
1158 1184 1396 1249 urgente
1435 1179 1703 1249 capellae.

147 1271 286 1326 ‘LYc.
328 1271 544 1323 Felices
584 1270 757 1339 ripae,
798 1269 1240 1322 fortunatissima
1278 1270 1404 1339 puri
1941 1267 2014 1321 60

231 1361 234 1365 ’
306 1359 462 1413 Unda
500 1359 672 1422 lacus,
711 1363 902 1411 vestro
943 1359 1236 1411 candentia
1273 1358 1520 1411 membra
1557 1357 1790 1426 liquore,

306 1448 566 1501 Perfudit
604 1448 807 1500 vestris
844 1464 968 1500 mea
1007 1448 1106 1500 lux
1148 1465 1247 1501 sua
1286 1464 1526 1517 corpora
1565 1447 1828 1517 lymphis:

306 1538 429 1590 Huc
468 1538 654 1607 posuit
692 1554 935 1606 gressus,
976 1537 1214 1599 memini,
1253 1537 1365 1606 jam
1407 1536 1553 1589 nuda
1593 1536 1845 1599 decOPOS,

308 1628 379 1679 Et
416 1627 591 1679 niveis
631 1626 859 1696 pedibus
897 1611 1195 1696 gaudentia
1233 1626 1483 1696 germina
1520 1626 1711 1678 movit.

309 1716 403 1769 Nil
442 1732 577 1768 reor
618 1717 671 1768 in
711 1716 882 1768 terris
921 1715 1221 1768 formosius
1261 1715 1380 1768 ulla
1418 1714 1614 1767 tulisse
1945 1713 2018 1767 65

311 1805 562 1867 Saecula,
586 1821 682 1857 seu
704 1821 925 1857 roseam
948 1803 1195 1857 Chlorim
1220 1821 1317 1856 seu
1337 1803 1599 1873 Phyllida
1615 1802 1848 1871 jactent.

311 1895 534 1947 Aureus
573 1910 603 1946 e
644 1895 806 1946 niveo
846 1893 1099 1963 fulgebat
1136 1894 1350 1946 vertice
1390 1893 1560 1946 crinis

310 1984 533 2052 Perque
553 1983 816 2036 humeros
838 1983 1050 2046 ludenS,
1078 1999 1180 2052 per
1207 1999 1420 2052 cygnea
1446 1982 1595 2035 colla
1617 1981 1857 2034 volabat.

311 2072 455 2126 Alba
493 2089 680 2142 genaS,
721 2072 876 2124 tenui
919 2072 1123 2124 leviter
1164 2070 1370 2124 suffusa
1407 2070 1635 2134 rubore,

311 2161 601 2215 Flectebat
639 2161 788 2214 dulci
828 2161 1103 2213 radiantia
1141 2161 1350 2213 lumina
1388 2161 1523 2223 risu,
1739 2207 1750 2214 .
1948 2160 2019 2212 70

317 2251 563 2314 Lumina,
604 2252 725 2319 quis
765 2267 937 2319 purus
979 2253 1258 2302 astrorum
1299 2249 1528 2302 cederet
1567 2248 1752 2302 ardor.

311 2341 556 2393 Pectora
597 2339 727 2408 quid
765 2340 943 2392 dicam
982 2339 1136 2392 duris
1175 2339 1421 2392 formosa
1459 2338 1697 2407 papillis,

312 2428 454 2490 Quid
466 2428 668 2491 femur,
685 2431 781 2480 aut
794 2428 954 2482 niveo
971 2428 1193 2497 planum
1211 2427 1309 2480 sub
1326 2430 1555 2497 pectore
1570 2426 1854 2479 ventrem?

314 2517 556 2570 Brachia
595 2533 701 2585 quo
744 2516 980 2580 laudem,
1021 2519 1232 2569 teretes
1260 2533 1368 2585 quo
1397 2516 1641 2568 carmine
1669 2514 1861 2567 suras?

318 2607 578 2670 Posthac,
607 2607 788 2669 triste,
830 2605 968 2658 nihil
997 2609 1222 2675 sperent
1247 2622 1371 2658 mea
1398 2605 1605 2657 lumina
1627 2604 1740 2673 jam
1769 2621 1826 2656 se
1950 2604 2022 2657 75

315 2696 585 2759 Cernere3
626 2695 863 2764 dumque
903 2711 1027 2747 meo
1057 2694 1280 2747 stabunt
1308 2695 1362 2747 in
1388 2698 1618 2764 pectore
1645 2693 1834 2746 vultus

312 2787 355 2838 F
358 2785 564 2839 ormosi
604 2783 854 2854 (stabunt
894 2785 1098 2837 etenim
1139 2784 1266 2836 dum
1294 2785 1410 2836 vita
1436 2774 1722 2852 manebit),

312 2875 433 2928 Hoc
459 2891 668 2938 nemus,
691 2873 748 2926 hi
770 2877 983 2926 montes
1005 2878 1063 2926 et
1083 2877 1249 2926 erunt
1268 2874 1407 2926 haec
1431 2872 1659 2926 flumina
1679 2872 1835 2926 nobis

309 2963 503 3027 Sacra;
544 2979 646 3016 nec
685 2963 903 3015 intonso
944 2966 1159 3015 tantum
1198 2963 1483 3032 parnassia
1523 2979 1698 3032 rupes

280 3035 478 3107 'Clara
517 3052 619 3105 deo
660 3052 892 3114 colitur3
932 3067 1036 3104 nec
1072 3054 1288 3103 tantum
1327 3055 1490 3121 grata
1528 3051 1734 3104 Dianae
1951 3051 2023 3103 80

310 3143 556 3195 Eurotae
597 3140 811 3194 Oebalii
849 3144 1190 3194 venerantur
1229 3139 1455 3193 flumina
1492 3141 1783 3211 nymphae.

311 3231 402 3285 Sic
440 3230 574 3283 mihi
611 3229 808 3282 felices
849 3233 1073 3282 servent
1113 3229 1204 3299 pia
1245 3230 1471 3282 numina
1511 3246 1741 3282 cursus1

246 3437 303 3471 55.
332 3437 375 3471 V.
405 3437 513 3472 Gulae
532 3445 647 3480 puer.
738 3436 793 3470 67.
826 3436 871 3470 V.
899 3436 1052 3470 Aureus
1077 3446 1097 3469 e
1120 3437 1227 3470 culm
1257 3436 1354 3481 (sic).
