2652 4296
897 399 968 410 —
1007 385 1190 423 XXXIX
1229 398 1301 409 —

210 504 235 532 ι»
272 489 454 533 modum
482 488 687 546 Juvenis,
719 488 786 531 vel
822 488 974 544 potius
1011 487 1351 537 adolescentuli,
1397 487 1577 530 minuta
1609 487 1829 545 quaedam
1873 486 1993 530 Poe-

209 578 234 605 »
272 564 424 618 matia,
456 576 572 620 quae
604 562 731 605 illius
763 562 983 620 temporis
1014 561 1251 606 uberrima
1284 561 1483 619 quidem,
1518 565 1570 605 ut
1602 562 1752 604 videre
1784 565 1874 614 est,
1916 561 1994 604 sed

212 653 236 680 »
272 638 502 681 lutulenta
535 637 701 693 potius,
734 650 872 694 quam
905 637 1143 680 luculenta
1178 650 1289 679 vena
1319 635 1498 686 effudit,
1529 635 1652 678 edita
1677 636 1757 678 illa
1789 636 1994 693 quidem3

209 727 234 755 »
270 725 350 756 seu
396 711 518 770 quod
550 712 958 755 adolescentiorum
992 716 1074 763 est,
1108 724 1349 768 meumque
1382 711 1428 753 in
1463 711 1647 768 primis,
1679 715 1726 753 et
1757 710 1882 754 illius
1917 724 1993 753 ae-

211 801 235 829 »
271 786 378 830 tatis
408 789 647 843 peccatum
683 786 795 838 fuit,
829 786 924 828 ulla
957 785 1031 828 vix
1064 785 1175 828 lima
1221 785 1462 840 castigata,
1511 785 1717 842 quamvis
1759 785 1994 840 ingeniosa

210 876 234 902 a»
269 864 315 904 et
345 860 475 903 valde
506 864 655 910 acuta,
688 864 734 903 et
763 873 813 903 ea
853 861 960 913 sint,
1002 873 1056 902 ex
1099 859 1280 917 quibus,
1322 858 1472 916 qualis
1510 859 1590 901 ille
1630 859 1816 902 futurus
1856 864 1994 911 esset,

210 950 236 978 »
271 935 404 979 facile
435 947 666 990 agnoscas.
701 935 864 978 Annus
895 948 1018 977 nunc
1050 933 1207 989 agitur
1249 933 1535 984 centesimus,
1569 947 1623 976 ex
1661 947 1751 990 quo
1792 933 1997 976 Libellus

211 1024 236 1051 »
271 1009 351 1052 ille
398 1013 584 1052 centum
633 1009 965 1068 propemodum
1014 1007 1445 1064 Epigrammatum,
1486 1020 1578 1050 una
1627 1021 1733 1050 cum
1776 1007 1995 1051 Matthaei

208 1098 234 1126 ι»
270 1083 443 1127 Mariae
475 1083 661 1141 Bojardi
694 1082 932 1140 (fabulosi,
955 1087 1007 1126 ut
1031 1083 1164 1134 nosti,
1187 1086 1233 1125 et
1252 1081 1414 1124 famosi
1438 1081 1567 1124 illius
1600 1086 1704 1124 ante
1737 1082 1995 1134 Areostum,

210 1173 234 1200 »
270 1157 436 1203 Poetae
469 1158 642 1213 nostri)
674 1171 790 1216 quae
834 1157 947 1200 mihi
988 1171 1095 1200 sane
1153 1170 1242 1201 non
1287 1157 1554 1214 displicent,
1596 1155 1780 1212 Eclogis
1822 1156 1997 1214 aliquot

211 1246 236 1275 »
270 1233 427 1277 latinis
459 1233 629 1289 prodiit
659 1233 706 1275 in
742 1233 905 1275 lucem.
940 1231 1009 1274 Ex
1040 1232 1133 1274 illis
1175 1231 1320 1287 igitur
1362 1235 1457 1274 tam
1500 1230 1660 1273 multis
1708 1231 1888 1283 nescio,
1938 1244 1996 1273 an

211 1322 237 1349 »
272 1307 429 1365 aliqua
458 1307 631 1350 secerni
665 1294 839 1364 possint
870 1307 963 1353 illis
994 1306 1310 1363 adjungenda,
1344 1319 1459 1363 quae
1492 1309 1674 1349 matura
1708 1307 1808 1362 Jam
1850 1307 1998 1348 aetate

211 1395 236 1424 ›
271 1382 468 1438 scripsit,
501 1381 631 1424 valde
663 1381 911 1434 elaborata,
944 1394 1143 1438 quorum
1178 1380 1404 1423 nonnulla
1443 1382 1588 1437 (quae
1626 1380 1826 1437 reperire
1871 1379 1997 1436 potui

210 1470 234 1498 »
274 1455 507 1511 videlicet)
538 1468 593 1497 ex
628 1454 855 1511 plurimis,
888 1468 1005 1512 quae
1038 1455 1171 1497 illum
1205 1454 1402 1497 texuisse
1433 1458 1635 1510 oportet,
1667 1454 1790 1511 apud
1823 1467 1894 1497 me
1915 1468 1997 1497 ex—

210 1545 234 1572 »
269 1534 384 1581 tant,
416 1530 464 1572 in
499 1529 710 1587 quodam,
744 1528 865 1586 quo'd
899 1529 1184 1582 concinnavi,
1219 1528 1532 1584 Regiensium,
1563 1533 1608 1571 et
1640 1529 1825 1585 quidam
1861 1542 1997 1584 prae-

206 1620 233 1647 »
268 1604 491 1648 stantium
524 1603 771 1648 Poetarum
804 1605 1017 1647 volumen
1053 1604 1345 1661 transcripta.
1379 1603 1500 1646 Haec
1533 1604 1641 1647 olim
1683 1605 1996 1660 apparebunt,

210 1695 235 1722 »
270 1679 486 1731 eruditis,
520 1679 606 1722 nisi
638 1678 788 1730 fallor,
824 1678 934 1721 viris
966 1678 1325 1736 haudquaquam
1369 1679 1680 1734 displicitura3
1713 1679 1750 1721 si
1783 1679 1885 1735 quis
1921 1682 1996 1721 ta-

211 1768 235 1796 »
273 1768 376 1798 men
409 1754 512 1806 erit,
545 1754 582 1796 si
615 1753 718 1811 quis
750 1757 917 1810 (quam
940 1753 1026 1795 tibi
1049 1753 1230 1796 laudem
1255 1767 1281 1795 a
1304 1753 1488 1796 nomine
1516 1756 1804 1810 praereptam
1838 1753 2000 1809 velim)

207 1843 236 1872 ι
272 1829 352 1888 qui
403 1828 608 1880 Patriae,
657 1832 702 1871 et
745 1828 1158 1871 eruditissimorum
1203 1841 1360 1871 amans
1401 1827 1605 1871 virorum
1654 1829 1859 1884 sumptui
1908 1841 1997 1871 non

210 1918 236 1946 »
271 1903 400 1947 valde
431 1916 596 1959 magno
630 1916 816 1960 parcere
839 1902 980 1956 nolit3
1002 1902 1152 1945 labori
1177 1915 1262 1958 ego
1284 1901 1346 1958 (l)
1369 1905 1491 1945 certe
1513 1916 1600 1945 non
1627 1916 1829 1959 parcam,
1853 1916 1999 1959 neque

210 1994 236 2022 »
271 1978 419 2022 adhuc
453 1978 648 2034 peperci,
671 1981 723 2021 ut
755 1981 976 2035 quantum
1004 1976 1051 2019 in
1082 1990 1154 2019 me
1179 1981 1261 2030 est,
1285 1978 1478 2034 posteris
1509 1977 1761 2028 ostendam,
1795 1982 1996 2020 nostram

208 2067 236 2095 s
271 2051 442 2097 Urbem
487 2053 744 2104 clarorum,
778 2051 866 2095 hoc
909 2065 1091 2109 quoque
1124 2052 1171 2094 in
1206 2064 1374 2108 genere
1415 2052 1642 2095 scribendi
1680 2051 1910 2103 virorum,
1954 2055 1997 2094 et

210 2142 235 2169 »
271 2127 381 2173 olim
413 2126 551 2172 fuisse
581 2126 876 2178 foecundam,
909 2131 954 2169 et
986 2139 1106 2169 nunc
1139 2126 1276 2169 etiam
1311 2139 1404 2169 esse
1437 2131 1672 2182 parentem
1709 2125 1831 2168 haud
1866 2126 1999 2182 plane

213 2218 238 2245 ι»
274 2202 496 2246 effaetam.
530 2201 653 2244 Vale.

331 2292 358 2319 »
392 2276 461 2319 Ex
503 2276 660 2320 Casale
702 2276 891 2332 Majori,
934 2276 1043 2332 ipsis
1075 2276 1403 2319 amaenissimis
1436 2277 1605 2319 mensis
1635 2276 1746 2319 Maii
1781 2275 2000 2319 Kalendis

212 2367 238 2395 a
274 2350 603 2396 MDGXXXIV
635 2365 678 2393 ».

335 2424 434 2468 Puo
466 2438 610 2467 essere
642 2425 725 2467 che
758 2426 802 2467 la
833 2428 1042 2480 scoperta
1073 2424 1145 2466 del
1189 2425 1389 2480 prezioso
1432 2437 1513 2466 ms.
1559 2438 1712 2481 presso
1755 2426 1799 2467 lo
1839 2425 1996 2468 Zoboli

214 2499 282 2555 gli
312 2499 481 2542 facesse
512 2502 661 2541 tacere
692 2498 796 2541 dell'
814 2498 1014 2541 edizione
1045 2498 1163 2541 forse
1195 2512 1222 2541 a
1254 2499 1374 2541 bella
1408 2505 1535 2555 posta
1568 2512 1648 2555 per
1682 2512 1939 2543 accrescere
1964 2500 1996 2541 il

217 2572 373 2629 pregio
395 2572 515 2614 della
548 2571 736 2629 propria
756 2575 975 2628 scoperta.
1000 2571 1078 2614 Ma
1099 2571 1189 2626 egli
1214 2572 1430 2628 pubblico
1463 2572 1663 2616 soltanto
1691 2575 1786 2616 otto
1808 2573 1999 2630 ecloghe

214 2647 300 2690 che
331 2649 457 2690 tante
489 2660 544 2688 ne
576 2659 735 2689 recava
767 2646 800 2688 il
834 2660 914 2688 ms.
947 2646 1118 2698 Zoboli,
1151 2647 1225 2688 del
1258 2647 1391 2704 quale
1422 2647 1459 2689 si
1493 2650 1517 2690 6
1551 2648 1743 2704 perduto
1772 2647 1881 2703 ogni
1915 2662 2001 2691 me-

219 2722 378 2766 moria.
411 2721 545 2763 Nella
575 2721 774 2764 edizione
807 2720 1001 2764 Vezzani
1034 2721 1075 2763 16
1107 2721 1296 2776 ecloghe
1318 2734 1428 2765 sono
1460 2725 1552 2765 cosi
1585 2722 1784 2778 disposte
1818 2724 1863 2765 in
1898 2737 2002 2767 con·

216 2796 369 2839 fronto
389 2795 434 2838 al
456 2795 609 2838 codice
630 2809 655 2838 e
676 2795 752 2838 all'
772 2795 974 2839 edizione
1006 2794 1178 2838 Crotti:
1212 2795 1244 2850 Ι,
1277 2798 1301 2837 6
1330 2796 1375 2838 16
1406 2797 1581 2852 prima,
1614 2796 1664 2846 ΙΙ,
1687 2800 1710 2840 6
1733 2797 1777 2840 16
1810 2802 2001 2854 quarta3

216 2869 291 2923 111,
321 2872 346 2913 6
375 2870 421 2912 16
451 2870 628 2926 quinta3
662 2869 737 2917 IV,
759 2883 936 2923 manca3
963 2869 1013 2922 V,
1037 2869 1127 2911 616
1157 2870 1363 2924 settima3
1400 2870 1480 2924 VI,
1511 2873 1536 2913 6
1568 2871 1753 2915 l'ottava
1782 2871 1869 2929 (2),
1904 2872 2001 2925 VII,

222 2957 406 2998 manca,
438 2942 552 2996 VIII,
584 2946 608 2986 6
641 2943 686 2986 la
717 2943 934 2997 seconda3
967 2942 1044 2995 IX,
1090 2946 1113 2985 6
1156 2943 1202 2985 16
1244 2949 1384 2998 sesta3
1429 2944 1489 2998 X,
1522 2948 1545 2987 6
1579 2945 1624 2988 16
1655 2949 1791 2989 terza.

349 3048 434 3096 ΙΙΙ.
475 3074 534 3084 -
570 3049 752 3096 Poesz'e
786 3063 885 3096 666.
922 3049 1077 3096 scelte
1112 3047 1175 3095 ed
1199 3049 1460 3098 illustrate
1483 3050 1551 3098 da
1583 3052 1642 3101 G.
1670 3051 1732 3098 B.
1771 3051 2001 3109 Venturi,

217 3129 445 3187 Modena,
484 3129 626 3178 1820.

305 3313 357 3356 (1)
382 3313 414 3357 11
435 3318 529 3348 testo
551 3313 608 3348 del
633 3314 775 3347 Tacom
797 3313 875 3348 dice
899 3323 1004 3357 erqo,
1030 3323 1091 3348 ma
1115 3314 1149 3348 la
1173 3316 1379 3349 correzione
1404 3325 1491 3360 pare
1514 3315 1700 3350 evidente.

307 3373 360 3416 (2)
382 3372 488 3407 Nella
512 3377 682 3418 presente
706 3373 869 3407 edizione
903 3383 926 3407 a
958 3383 991 3418 p.
1026 3373 1093 3408 429
1127 3374 1147 3407 6
1179 3379 1306 3408 notato
1342 3384 1406 3419 per
1438 3384 1559 3409 errore
1590 3374 1667 3408 alla
1700 3375 1745 3408 VI
1777 3375 1906 3419 ecloga
1937 3375 2005 3410 che

219 3431 366 3466 manchi
392 3433 428 3466 in
455 3432 499 3466 V.
