2626 4204
1362 356 1662 406 —416—

581 455 703 509 Trr.
745 454 1070 518 Jandudum‚
1110 454 1345 525 Lynces,
1384 453 1548 524 perii,
1587 470 1713 509 cum
1752 453 1985 510 candida
2023 455 2241 511 caelum
2276 478 2278 480 ·

731 542 1000 613 Phyliroe
1040 540 1226 607 subiit,
1265 541 1531 596 miserum
1555 558 1703 597 nunc
1734 542 1974 615 perdere
2011 560 2164 599 mens
2202 545 2291 598 est

729 630 943 701 Corpus
981 633 1041 685 et
1078 630 1299 685 ablatae
1338 631 1599 686 comitem
1637 647 1725 686 me
1761 631 2001 703 jungere
2038 632 2226 688 Divae.

582 722 756 775 ΒΑΜ.
779 720 867 774 Ah
889 719 1020 791 quid
1038 719 1145 775 ais?
1164 736 1273 790 quo
1292 723 1352 774 te
1365 723 1582 774 tantum
1596 720 1745 792 rapit
1757 720 2039 792 improbus
2051 721 2247 777 ardor?
2363 722 2440 780 85

729 810 883 872 Quae
919 808 1021 864 tibi
1060 826 1229 864 causa
1266 809 1453 864 necis?
1490 810 1660 881 periit
1697 813 1796 864 tua
1832 799 2078 865 ⁴maxima
2114 827 2281 867 cura.

730 899 1030 971 Phyliroe;
1070 898 1216 970 quod
1253 903 1315 953 tu
1355 898 1575 964 laetari,
1614 899 1828 971 Tityre,
1867 898 2052 965 debeS‚
2271 912 2273 914 ’

730 988 854 1053 Illa,
892 988 1095 1043 bonum
1134 1005 1354 1054 numen,
1394 1005 1655 1060 superum
1696 988 1944 1044 formosa
1981 988 2215 1045 deorum
2250 1000 2256 1008 ’

728 1077 992 1148 Alloquio
1029 1078 1259 1142 fruitur,
1299 1076 1526 1132 flentem
1564 1080 1623 1132 et
1660 1081 1718 1133 te
1756 1082 1977 1133 moeret
2014 1077 2083 1133 ab
2123 1078 2256 1135 alto.

579 1166 695 1219 Trr.
737 1165 949 1221 Scimus
969 1170 1028 1220 et
1053 1166 1194 1220 haec
1212 1166 1395 1221 animo
1411 1165 1749 1236 jamdudum,
1770 1167 1972 1237 Barge‚
1991 1165 2240 1222 videmus
2362 1166 2439 1223 90

731 1255 944 1320 Omnia,
982 1255 1080 1310 sed
1118 1255 1309 1310 dulces
1347 1255 1605 1325 quoniam
1644 1272 1732 1309 me
1770 1271 2006 1311 cernere
2043 1255 2246 1318 vultus

730 1346 794 1398 Di
831 1344 1146 1416 prohibent,
1186 1361 1385 1398 rursus
1423 1342 1683 1415 flagranti
1730 1345 1786 1398 in
1823 1348 2057 1415 pectore
2095 1361 2268 1401 curae

728 1433 1006 1488 Ardentes
1045 1433 1300 1498 subeunt,
1339 1432 1629 1487 damnatae
1668 1436 1727 1488 et
1763 1433 1948 1488 taedia
1991 1433 2154 1489 vitae.

582 1526 756 1579 ΒΑΜ.
797 1524 982 1577 Morte
1009 1523 1151 1577 mori
1178 1527 1397 1577 certum
1423 1526 1524 1578 est.
1561 1522 1669 1577 Sed
1695 1522 1861 1593 longe
1887 1523 2107 1578 tristius
2133 1522 2234 1579 illa
2268 1574 2276 1581 .
2318 1572 2321 1574 ,

730 1614 829 1666 Est
866 1611 1098 1682 aliquid:
1146 1612 1292 1666 sonti
1331 1612 1609 1666 scelerum
1647 1611 1749 1666 tibi
1789 1620 2024 1666 cernere
2062 1601 2228 1683 diras-
2361 1602 2448 1670 95'

731 1703 975 1757 Ultrices
1013 1701 1265 1756 dabitur:
1305 1705 1566 1772 coeptum
1604 1701 1817 1773 depone
1856 1701 2128 1757 furorem.

731 1792 873 1854 Quin
911 1791 1095 1861 potius
1133 1790 1364 1861 placidis
1383 1807 1618 1863 ‚mecum
1657 1791 1855 1845 secede
1896 1790 1995 1845 sub
2035 1790 2246 1846 umbris

733 1882 1167 1953 Phyliroemque
1206 1884 1359 1933 tuam
1398 1881 1614 1934 meritis
1653 1880 1917 1935 tollemus
1954 1880 2024 1934 ad
2061 1883 2216 1935 astra

733 1970 1033 2025 Laudibus:
1072 1969 1290 2024 alterno
1329 1969 1670 2024 resonabunt
1706 1970 1951 2024 carmine
1988 1969 2183 2026 valles,
2571 2039 2581 2047 .

581 2063 698 2116 Trr.
738 2062 939 2131 Perge,
966 2075 1192 2129 sequar;
1218 2059 1409 2113 forsan
1435 2059 1637 2114 melior
1660 2059 1888 2114 fortuna
1913 2063 2162 2131 paratur.
2322 2059 2436 2115 100
2519 2088 2566 2125 25.

674 3243 731 3279 82.
759 3243 803 3278 V.
830 3244 975 3287 Lyma.
1067 3244 1123 3279 84.
1150 3245 1188 3280 C.
1216 3245 1261 3278 V.
1275 3244 1447 3289 junyere
1475 3245 1693 3289 Nymphae.
1784 3244 1844 3280 85.
1870 3244 1914 3278 V.
1947 3244 1999 3279 Te
2023 3245 2173 3278 cantum
2194 3249 2288 3287 eruo
2308 3242 2454 3287 muts

585 3303 644 3338 86.
669 3303 718 3338 v,
733 3311 828 3338 num
852 3304 957 3347 quoa
984 3308 1063 3339 cua.
1156 3304 1212 3338 87.
1240 3305 1285 3339 v.
1312 3305 1487 3340 Phasma
1506 3304 1654 3348 peritae
1683 3305 1759 3340 Ta.
1817 3310 1829 3313 ¹
1850 3303 1906 3338 88.
1931 3303 1979 3338 v,
2005 3301 2084 3338 ma
2107 3301 2213 3346 quoa
2233 3304 2272 3336 ee
2290 3307 2433 3346 uapor-
2455 3309 2462 3319 ·
2487 3314 2529 3350 „f-

585 3371 679 3397 num
702 3371 878 3406 numano.
981 3361 1038 3398 89.
1064 3363 1110 3397 V.
1138 3363 1313 3407 Adspicit
1336 3368 1371 3397 et
1393 3363 1544 3405 flentem
1567 3364 1687 3399 caelo.
1790 3363 1847 3398 96.
1873 3363 1915 3398 C.
1939 3362 1986 3396 V.
2013 3361 2171 3397 dabitur
2186 3369 2200 3395 .·
2229 3367 2307 3396 non
2328 3368 2439 3410 quat

585 3424 696 3466 cupis
719 3432 792 3457 ora
813 3422 984 3466 puellae.
2496 3418 2519 3426 ”
