2652 4296
1336 371 1408 384 -
1447 357 1669 397 XXXVIII
1707 372 1779 383 --

660 480 686 505 ν
723 462 1001 518 integritate,
1033 474 1172 519 quam
1219 460 1450 504 natalibus
1492 460 1993 506 commendatissimum
2025 461 2174 517 (cuius
2204 462 2253 505 in
2290 459 2450 516 Domo,

661 554 686 580 »
724 542 776 582 ut
806 536 945 589 scitis,
979 538 1025 580 et
1055 535 1305 592 primariae
1337 534 1591 579 nobilitatis
1622 535 1917 581 Academiam
1949 536 2005 581 ad
2037 536 2293 590 duodecim,
2324 539 2371 581 et
2399 536 2450 581 in

661 629 686 654 τι
725 610 929 655 Ecclesia
959 609 1209 666 collegiata
1240 609 1465 667 principis
1486 608 1740 654 Sacerdotii
1761 609 1915 655 locum
1937 611 2298 666 obtinebamyad
2317 609 2450 655 illum

662 702 686 727 ν
722 686 882 742 igitur,
924 697 1030 729 cum
1061 696 1117 726 ex
1148 685 1249 741 ejus
1281 687 1429 728 morte
1460 683 1618 740 patris,
1657 697 1820 738 annus,
1853 685 2031 743 opinor,
2044 684 2128 729 hic
2150 684 2308 742 agitur
2329 684 2450 730 duo·

662 775 687 801 2
725 759 951 814 decimus,
984 758 1111 802 allati
1159 758 1352 802 fuissent
1397 758 1607 814 ingentes
1651 758 1993 816 scripturarum
2040 759 2200 815 fasces,
2244 771 2320 803 eas
2363 771 2450 816 ego

662 848 688 875 »
725 846 906 891 quoque
938 831 1200 876 domesticis
1229 831 1446 876 omnibus
1476 831 1706 889 expositas
1738 832 1890 877 nescio
1921 845 2012 891 quo
2044 833 2181 889 genio
2200 831 2450 891 impulsus,

664 922 688 950 »
725 907 802 950 sed
834 908 968 960 bono,
1001 910 1055 951 ut
1086 919 1194 950 mox
1216 911 1435 963 expertus
1455 919 1573 961 sum,
1605 906 1747 951 otiose
1768 907 2014 951 admodum
2039 910 2086 950 et
2106 906 2449 958 cunctabundo,

664 999 689 1025 »
726 995 879 1026 meum
913 985 1097 1039 praeter
1131 994 1319 1034 morem,
1352 981 1582 1039 explicare
1622 981 1841 1038 singulas,
1873 981 2052 1040 aliquot
2082 982 2252 1039 legere,
2283 994 2451 1039 pervo-

664 1071 688 1099 »
725 1057 875 1101 lutare
920 1057 1049 1114 coepi
1096 1056 1344 1101 universas.
1379 1055 1437 1099 Et
1478 1059 1604 1100 certa
1635 1069 1687 1100 ea
1718 1056 1767 1099 in
1801 1069 1851 1100 re
1881 1069 2048 1114 operae
2089 1057 2292 1114 pretium
2325 1055 2450 1101 haud

664 1147 688 1173 »
725 1131 837 1175 mihi
871 1131 1022 1189 perijt.
1055 1131 1174 1175 Dum
1224 1131 1347 1174 enim
1396 1143 1605 1177 sursum,
1627 1144 1681 1175 ac
1728 1131 1939 1175 deorsum
1984 1130 2090 1175 illas
2120 1130 2287 1176 misceo
2317 1129 2451 1176 humi

664 1221 688 1247 »
725 1206 937 1260 abiectas,
970 1210 1017 1249 et
1048 1206 1184 1263 plane
1215 1205 1443 1257 confusas,
1474 1205 1614 1249 incidi
1647 1205 1694 1249 in
1742 1205 1952 1249 libellum
2007 1205 2251 1264 quendam,
2298 1205 2451 1250 nescio

664 1296 689 1323 a»
725 1281 871 1335 cuius,
919 1280 995 1323 sed
1045 1279 1282 1324 luculenta
1328 1283 1482 1339 tamen
1530 1283 1768 1323 exaratum
1816 1293 1966 1331 manu,
1998 1280 2047 1323 in
2095 1292 2186 1338 quo
2226 1282 2277 1324 et
2304 1279 2452 1324 multa

663 1371 688 1398 »
724 1370 901 1410 eorum,
934 1356 1013 1414 qui
1047 1356 1095 1398 in
1129 1355 1263 1399 Italia
1294 1355 1452 1413 paullo
1495 1355 1730 1413 superiore
1771 1355 1953 1400 saeculo
1993 1355 2253 1400 floruerunt
2282 1354 2451 1400 Poeta·

664 1446 689 1473 »
727 1444 848 1484 rum,
882 1434 928 1474 et
959 1430 1088 1474 Croti
1120 1443 1305 1489 quoque
1338 1429 1497 1483 nostri,
1530 1433 1575 1474 et
1607 1430 1849 1488 utriusque
1881 1429 2093 1482 Pariseti‚
2131 1429 2234 1488 Iulij
2258 1429 2451 1488 inquam

664 1522 688 1547 »
722 1511 769 1549 et
799 1504 982 1549 Ioannis
1026 1505 1282 1562 Baptistae,
1335 1518 1426 1549 non
1469 1518 1616 1561 pauca
1655 1510 1788 1548 erant
1829 1505 2167 1563 epigrammata
2208 1503 2449 1562 descripta.

657 1595 692 1624 >
725 1581 893 1633 Eximi,
927 1581 1088 1634 fateor,
1119 1585 1165 1623 et
1195 1581 1411 1624 omnibus
1442 1580 1607 1623 incessi
1638 1580 1837 1634 laetitiis,
1861 1594 1965 1624 cum
1992 1580 2107 1624 mihi
2133 1578 2327 1634 viderer,
2359 1592 2453 1624 non

663 1671 687 1699 »
723 1656 784 1710 id,
815 1655 938 1714 quod
971 1655 1102 1713 pueri
1125 1655 1172 1698 in
1194 1655 1311 1708 faba,
1335 1658 1388 1698 ut
1419 1654 1563 1707 aiunt,
1585 1654 1662 1698 sed
1694 1655 1816 1698 inter
1838 1654 2083 1699 chartacea
2103 1654 2187 1699 illa
2207 1654 2452 1700 involucra

663 1747 688 1774 »
724 1731 991 1775 thesaurum
1015 1730 1251 1785 invenisse,
1274 1729 1354 1788 qui
1376 1730 1519 1774 trium
1542 1730 1748 1784 illorum,
1771 1731 1892 1788 quod
1915 1743 2207 1788 summopere
2246 1730 2451 1784 avebam,

664 1821 689 1849 »
725 1807 763 1849 si
796 1820 889 1850 non
922 1806 1078 1850 omnia
1110 1806 1234 1862 (nam
1271 1805 1420 1848 multa
1450 1805 1754 1863 scripserunt)
1787 1805 1922 1862 plura
1954 1809 2091 1859 certe,
2122 1818 2262 1864 quam
2293 1817 2451 1864 spera·

663 1896 688 1925 >
724 1882 855 1935 bam,
902 1882 1176 1925 invenissem
1224 1880 1573 1937 epigrammata.
1619 1879 1703 1923 Illa
1748 1880 1907 1937 igitur,
1956 1893 2074 1939 quae
2122 1893 2214 1924 non
2246 1879 2455 1938 quaesita

663 1972 688 1999 »
725 1969 999 2014 repereram,
1033 1955 1186 1999 statim
1220 1954 1451 2011 descripsi,
1486 1954 1768 2009 circumtuli,
1799 1954 1958 1998 amicis
1991 1953 2213 1999 ostentavi
2244 1947 2384 2013 idque
2403 1954 2452 1998 in

662 2046 687 2073 »
724 2031 887 2089 primis
919 2030 1146 2087 flagitavi3
1181 2033 1234 2073 ut
1264 2029 1320 2073 ad
1352 2029 1412 2082 id,
1455 2029 1577 2087 quod
1621 2030 1819 2073 maxime
1851 2029 2076 2082 volebam,
2108 2042 2223 2088 quas
2255 2032 2452 2087 possent,

661 2121 686 2149 »
721 2105 806 2163 ipsi
840 2117 1021 2164 quoque
1051 2104 1287 2162 suppetias
1320 2104 1507 2147 ferrent.
1542 2103 1685 2160 Opem
1718 2117 1849 2147 suam
1875 2104 1989 2147 mihi
2011 2103 2206 2162 quisque
2238 2101 2451 2162 polliciti,

662 2196 687 2223 »
722 2185 769 2224 et
800 2194 855 2223 ex
886 2180 980 2223 illis
1011 2192 1133 2223 unus
1163 2182 1302 2236 atque
1334 2178 1464 2230 alter,
1500 2178 1669 2236 quibus
1705 2178 1842 2232 idem,
1863 2179 1985 2237 quod
2009 2178 2138 2230 mihi,
2162 2178 2292 2222 valde
2324 2176 2453 2222 cordi

660 2270 685 2298 »
721 2259 834 2308 erat,
865 2267 1057 2312 superos
1102 2253 1215 2297 adeo
1263 2253 1495 2310 propitiOS,
1540 2253 1649 2296 adeo
1698 2253 1903 2296 faventes
1950 2252 2228 2304 habuerunt,
2260 2255 2315 2296 ut
2345 2265 2452 2296 cum

660 2345 686 2372 »
721 2330 918 2373 aliorum
952 2330 1086 2387 (quae
1128 2327 1350 2380 videbitis,
1394 2330 1532 2385 atque
1572 2327 1726 2381 etiam,
1769 2332 1822 2370 ut
1865 2330 1988 2383 puto,
2031 2326 2210 2383 legetis)
2243 2326 2453 2370 carmina

664 2419 687 2446 »
725 2404 875 2448 nescio
907 2403 1139 2447 undenam
1171 2405 1328 2445 eruta:
1362 2406 1461 2445 tum
1494 2401 1543 2445 in
1567 2401 1729 2460 primis
1750 2401 1944 2446 Antonii
1964 2401 2103 2446 Marii
2122 2399 2222 2459 (sic)
2242 2400 2452 2458 Bojardi;

661 2495 688 2522 ι)
724 2492 860 2537 quem
891 2491 976 2535 ego
1008 2478 1148 2521 latine
1181 2476 1373 2535 aliquid,
1405 2480 1452 2520 et
1494 2476 1671 2534 poetice
1714 2476 1948 2534 scripsisse
1984 2476 2119 2533 plane
2151 2475 2454 2532 ignorabam3

660 2569 685 2597 »
721 2558 823 2599 octo
875 2553 1089 2609 Eclogas‚
1143 2565 1225 2595 suo
1279 2551 1478 2609 quidem,
1530 2556 1579 2595 at
1633 2552 1788 2609 paullo
1840 2551 2076 2595 interdum
2128 2551 2293 2596 altiore
2343 2549 2453 2594 stilo

664 2645 688 2672 »
724 2629 921 2686 scriptas
942 2660 1068 2672 .....
1087 2641 1107 2668 1>

799 2735 916 2793 Ora,
953 2735 999 2781 io
1037 2748 1133 2781 non
1168 2747 1222 2781 so
1257 2747 1397 2780 come
1431 2731 1468 2780 il
1506 2732 1717 2781 Vezzani
1752 2732 1801 2780 in
1838 2707 2014 2794 questa
2043 2730 2336 2794 prefazione'
2357 2729 2458 2780 alla

661 2822 861 2879 stampa
897 2815 977 2864 del
1017 2815 1160 2874 1639,
1196 2814 1500 2863 dichiarasse
1547 2814 1596 2861 di
1646 2814 1881 2888 ignorare
1930 2813 1979 2861 la
2037 2813 2278 2862 esistenza
2328 2812 2457 2862 delle

666 2898 869 2961 ecloghe
906 2897 1061 2945 latine
1097 2896 1177 2944 del
1212 2895 1445 2954 Boiard0‚
1482 2910 1533 2943 se
1570 2896 1619 2942 in
1658 2911 1756 2943 una
1790 2895 1971 2944 lettera
2007 2895 2086 2943 del
2116 2894 2264 2954 1634,
2285 2897 2456 2944 recata

665 2980 750 3028 dal
785 2977 1292 3044 TAcoL1(Mem0rz·e
1337 2976 1559 3025 storz'che
1605 2977 1664 3025 di
1712 2978 1927 3040 Reyyz‘O,
1981 2977 2046 3036 11,
2097 2990 2178 3039 pp.
2233 2974 2455 3041 615-16)
2607 3006 2610 3010 »

666 3061 874 3126 parlava
909 3059 1041 3108 della
1074 3059 1292 3108 edizione
1328 3058 1408 3106 dei
1444 3058 1578 3107 versi
1613 3059 1774 3107 Crotti
1809 3074 1835 3107 e
1861 3058 1939 3107 del
1963 3057 2178 3107 Boiardo
2203 3057 2284 3134 del
2310 3056 2455 3119 15003

665 3159 782 3192 ecco
817 3143 868 3191 la
902 3142 1117 3191 lettera:

961 3254 986 3282 «ι
1017 3239 1213 3283 Jacobus
1257 3238 1498 3281 Vectianus
1529 3238 1570 3283 J.
1613 3239 1658 3282 U.
1699 3239 1891 3296 Geor92‘0
1928 3237 2099 3282 Gabbio

1247 3327 1272 3356 »
1307 3313 1579 3357 Amicorum
1616 3312 1879 3380 Carissimo.

667 3420 693 3447 »
732 3437 1009 3447 .......
1046 3404 1109 3447 De
1141 3403 1468 3447 Bartholomeo
1502 3402 1643 3447 Croto
1675 3403 1797 3461 quod
1830 3403 2036 3462 quaeris,
2068 3397 2156 3447 hoc
2187 3401 2333 3447 habeo
2373 3401 2460 3446 tibi

665 3495 696 3524 ι»
732 3479 1014 3536 significare:
1048 3482 1204 3523 extare
1235 3477 1358 3537 apud
1394 3491 1464 3520 me
1494 3478 1646 3529 illius,
1679 3480 1732 3521 ut
1763 3477 1913 3522 facilis
1954 3479 2213 3533 conjectum
2247 3480 2334 3531 est,
2376 3476 2455 3520 ad-
