2626 4204
867 406 928 416 —
966 380 1064 429 465
1098 408 1164 417 —

204 477 343 530 Nam
382 477 556 530 veluti
596 493 827 546 superos
866 494 974 546 quo
1016 495 1205 531 rerum
1247 478 1369 540 iura
1409 466 1697 532 manerent

353 565 637 619 Praefecit
674 567 845 620 variis
884 568 1138 637 Juppiter
1177 566 1385 631 officiis,

205 654 278 707 Ut
314 653 570 708 mandata
609 654 770 708 deum
808 656 1024 710 referat
1069 655 1317 726 Cyllenia
1354 657 1558 726 proleS,

352 743 642 797 Terribilis
680 745 904 798 Mavors
943 750 1006 798 ut
1044 762 1143 798 sua
1188 745 1337 798 bella
1375 750 1551 815 gerat,
1834 747 1909 800 20

206 831 412 886 Lucida
450 850 765 903 purpureus
806 833 1073 887 diffundat
1112 835 1319 887 lumina
1359 835 1534 898 Titan,

353 922 624 976 Informet
663 922 880 976 Siculus
918 923 1034 976 tela
1071 923 1312 995 trisulca.
1344 923 1554 987 Faber;

205 1009 295 1064 Sic
334 1010 435 1063 tibi
474 999 756 1064 nubiferas
796 1012 966 1081 Alpes
1006 1015 1064 1065 et
1100 1011 1305 1081 gallica
1343 1029 1480 1065 rura

351 1100 422 1152 Et
460 1099 698 1153 celebris
737 1100 983 1153 Mutinae
1023 1101 1253 1154 Borsius
1291 1118 1428 1154 arva
1465 1101 1630 1156 dedit.

204 1187 293 1242 Sic
332 1189 497 1242 etiam
538 1189 728 1258 Lepidi
768 1189 959 1244 felicia
998 1190 1215 1243 moenia
1255 1191 1394 1259 Regi
1830 1180 1915 1247 25

352 1277 741 1347 Sigismundeis
781 1278 1020 1332 subdidit
1062 1279 1338 1350 auspiciis,

204 1366 309 1420 Ille
348 1367 476 1420 hinc
515 1367 826 1421 Sfortiadae
866 1370 1070 1422 nostris
1110 1369 1460 1422 disterminat
1497 1387 1632 1423 arva

348 1456 570 1510 Finibus
609 1462 667 1510 et
705 1474 944 1528 campOS,
984 1459 1211 1511 Mantua
1251 1459 1421 1523 clara,
1463 1463 1613 1522 tuos;

201 1545 277 1598 Te
305 1545 495 1615 Lygur
518 1550 576 1598 et
603 1546 851 1600 Thuscus
878 1546 1199 1616 discorsque
1228 1548 1476 1601 Bononia
1504 1548 1731 1618 cingunt

350 1635 419 1687 Et
457 1638 584 1688 sunt
622 1636 839 1705 imperii
877 1640 1026 1689 meta
1076 1653 1316 1707 superna
1353 1638 1453 1691 tui.
1831 1641 1904 1693 30

644 2247 687 2300 O
746 2264 890 2300 nunc
930 2239 1144 2300 ¹ultima
1203 2247 1415 2302 floridis

641 2335 843 2391 Verbis
881 2336 1094 2390 fundite
1135 2339 1397 2402 carmina,

643 2424 855 2478 Laudes
893 2425 1202 2478 Herculeas
1242 2427 1375 2479 tuba

863 2514 1057 2578 Dicite,
1110 2515 1376 2569 Pierides,

940 2768 1072 2820 XII.

192 2918 488 3026 Verticis
526 2973 689 3026 Aonii
730 2974 774 3026 si
814 2974 897 3027 fas
939 2975 1011 3027 sit
1050 2973 1204 3027 adire
1245 2991 1487 3041 sorores,

339 3060 595 3115 Millenas
635 3078 801 3115 voces
843 3078 1052 3131 oraque
1091 3063 1245 3116 mille
1284 3067 1498 3133 petam;

187 3151 414 3204 Scilicet
451 3152 696 3204 Estensis
737 3169 994 3206 canerem
1037 3169 1177 3221 quae
1221 3154 1432 3208 viribus
1472 3160 1613 3221 acta,

373 3240 632 3293 Herculis
672 3241 861 3294 invicti
900 3241 1071 3295 fortia
1111 3245 1268 3311 gesta
1306 3243 1477 3298 ducis

188 3330 257 3381 Et
283 3345 542 3382 canerem
570 3330 873 3400 Hesperiae
902 3347 1063 3400 quam
1092 3331 1163 3384 sit
1189 3332 1538 3401 gratissimus
1567 3338 1624 3386 et
1651 3350 1814 3402 quam
1855 3335 1893 3386 5

337 3420 494 3472 Hunc
534 3419 750 3489 placido
791 3420 996 3490 populi,
1038 3437 1174 3490 quos
1202 3422 1366 3491 regit,
1397 3439 1495 3475 ore
1525 3424 1728 3476 colant.

202 3530 365 3555 ³³³³³³³
1758 3524 1801 3558 30
