2626 4204
1300 400 1598 448 —474-

1397 616 1495 671 IV.

627 792 867 848 Candida
905 810 1219 865 purpureae
1259 794 1405 865 quod
1443 795 1619 850 nectis
1657 794 1785 849 vela
1823 795 2134 861 columnae,

775 882 882 936 Illa
920 882 1107 954 sugam
1145 883 1395 949 suadent,
1435 884 1534 938 illa
1572 867 1827 939 moratur
1868 884 1994 938 iter.

628 970 718 1025 Sic
755 987 864 1026 non
905 972 1185 1043 implicitis
1222 972 1444 1044 fugiunt
1480 973 1626 1027 mala
1664 971 1898 1027 carbasa
1938 972 2099 1039 velis,

774 1061 843 1114 Et
882 1061 1030 1115 cadit
1069 1062 1277 1133 ingenti
1317 1062 1476 1133 pulsa
1513 1061 1772 1117 columna
1811 1066 1962 1120 noto.

1410 1269 1478 1323 V.

629 1445 803 1507 Quam
839 1445 984 1500 male
1021 1446 1357 1501 conveniunt
1396 1447 1655 1502 immotae
1695 1447 1821 1502 vela
1860 1447 2169 1514 columnae,

776 1534 1127 1606 Quam-bene
1167 1551 1292 1590 cum
1318 1535 1492 1590 nitido
1523 1536 1816 1607 parthicus
1842 1552 1975 1590 aere
2003 1535 2168 1608 lapis!

628 1625 718 1679 Sic
756 1625 899 1678 male
939 1623 1175 1695 disjecto
1215 1624 1419 1679 cecidit
1457 1642 1583 1680 cum
1622 1642 1908 1680 marmore
1947 1625 2152 1692 velum,

779 1716 1105 1786 Auratoque
1145 1715 1365 1770 adamas
1406 1716 1620 1770 cinctus
1659 1716 1874 1771 honore
1913 1716 2082 1787 viget.

1399 1928 1499 2004 v1.„

635 2105 737 2168 Ite,
778 2103 975 2174 quibus
1014 2103 1234 2175 trepido
1275 2108 1425 2158 stant
1464 2105 1688 2158 nautica
1725 2109 1955 2176 pectore
1994 2105 2137 2170 vela,

820 2193 1042 2247 Moenia
1079 2193 1316 2247 velifero
1356 2193 1587 2263 linquite
1626 2198 1820 2248 nostra
1858 2193 2014 2264 pede.

632 2285 769 2337 Nam
811 2286 1001 2337 vestra
1039 2282 1300 2336 horribili
1339 2282 1536 2353 pelago
1576 2299 1782 2337 vesana
1818 2282 2095 2354 profundo

782 2373 1035 2426 Fulmina
1073 2373 1338 2443 conspexi
1377 2389 1635 2443 mergere
1673 2373 1804 2427 vela
1842 2374 2052 2428 Jovem.

633 2465 862 2533 Jamque
876 2479 1057 2516 meum
1072 2478 1339 2533 proceres
1354 2462 1597 2516 clamant
1610 2462 1902 2516 adamanta
1920 2461 2160 2533 benigni,
2306 2461 2344 2516 5

784 2554 904 2605 Jam
944 2551 1239 2623 dyamanta
1277 2568 1459 2605 meum
1497 2551 1697 2622 vulgus
1737 2552 1791 2605 in
1830 2551 1970 2606 urbe
2008 2551 2175 2606 canit.

635 2641 839 2697 Tollite
878 2645 1149 2712 perpetuo
1189 2641 1498 2712 dyamantis
1539 2642 1762 2695 numina
1800 2645 1984 2706 cantu,
2181 2631 2184 2638 ’

783 2733 901 2785 Jam
930 2730 1156 2802 dyamas
1184 2731 1496 2802 Phlegeton
1522 2734 1716 2802 tangat
1742 2736 1801 2784 et
1827 2735 1980 2785 astra
2006 2730 2175 2785 Jovis.

637 2822 757 2874 Jam
797 2821 1022 2892 dyamas
1059 2838 1227 2875 versu
1268 2821 1547 2875 scribatur
1586 2826 1644 2875 et
1682 2821 1956 2875 Hercules
1993 2832 2170 2886 auro,

785 2910 1085 2972 Quadi-ivio
1126 2910 1312 2981 populi
1352 2910 1602 2980 quolibet
1640 2910 1747 2964 ista
1783 2911 1978 2965 nitent.
2274 2908 2345 2963 10

639 2999 777 3052 Nam
815 2999 1041 3070 dyamas
1079 3003 1201 3053 toto
1242 2999 1560 3053 celebratus
1598 2999 1834 3070 pulcher
1878 2999 1935 3052 in
1974 2997 2109 3053 orbe

787 3089 886 3142 Est
924 3089 1122 3142 solitus
1160 3089 1376 3142 cunctis
1416 3088 1641 3159 regibus
1680 3105 1802 3143 esse
1838 3087 2021 3159 jubar,

641 3179 823 3248 Atque
863 3194 1020 3232 suum
1059 3178 1215 3231 fulva
1254 3182 1421 3248 caput
1458 3178 1723 3247 insignire
1763 3193 2002 3242 corona;

649 3353 699 3387 v.
721 3353 860 3393 Quanto
883 3352 1116 3398 epigramma
1137 3352 1168 3387 si
1194 3356 1304 3387 trova
1327 3361 1418 3397 pure
1441 3351 1603 3397 ripetuw
1622 3351 1830 3387 nel‘codioe
1852 3351 2010 3387 Esoense
2041 3361 2066 3387 a
2096 3360 2131 3388 ο.
2154 3349 2222 3388 m
2245 3359 2300 3395 ι,
2323 3359 2345 3384 ο

562 3412 674 3458 legge
695 3412 733 3448 al
756 3423 795 3448 v.
820 3412 844 3448 3
875 3413 1000 3448 iaceat
1032 3412 1161 3447 invece
1195 3412 1231 3446 di
1267 3411 1424 3454 cedam
1458 3421 1479 3446 e
1502 3412 1538 3446 al
1563 3421 1600 3446 v.
1625 3413 1647 3446 4
1684 3410 1710 3446 il
1732 3411 1889 3447 secondo
1910 3411 2116 3448 emistichio
2139 3411 2180 3447 δε
2214 3409 2350 3454 emat

564 3472 708 3507 honore
731 3476 859 3516 caput.
