<?xml version="1.0" encoding="UTF-8"?>
<!DOCTYPE html PUBLIC "-//W3C//DTD XHTML 1.0 Transitional//EN"
    "http://www.w3.org/TR/xhtml1/DTD/xhtml1-transitional.dtd">
<html xmlns="http://www.w3.org/1999/xhtml" xml:lang="en" lang="en">
 <head>
  <title>
</title>
<meta http-equiv="Content-Type" content="text/html;charset=utf-8" />
  <meta name='ocr-system' content='tesseract 3.04.00' />
  <meta name='ocr-capabilities' content='ocr_page ocr_carea ocr_par ocr_line ocrx_word'/>
</head>
<body>
  <div class='ocr_page' id='page_1' title='image "./lepoesievolgarie00boiauoft_0365.png"; bbox 0 0 2626 4204; ppageno 0'>
   <div class='ocr_carea' id='block_1_1' title="bbox 870 544 1369 598">
    <p class='ocr_par' dir='ltr' id='par_1_1' title="bbox 870 544 1369 598">
     <span class='ocr_line' id='line_1_1' title="bbox 870 544 1369 598; baseline 0.004 -2"><span class='ocrx_word' id='word_1_1' title='bbox 870 544 1369 598; x_wconf 81' lang='lat' dir='ltr'><strong>TAHOCCHI</strong></span> 
     </span>
    </p>
   </div>
   <div class='ocr_carea' id='block_1_2' title="bbox 1099 691 1143 722">
    <p class='ocr_par' dir='ltr' id='par_1_2' title="bbox 1099 691 1143 722">
     <span class='ocr_line' id='line_1_2' title="bbox 1099 691 1143 722; baseline -0.023 0"><span class='ocrx_word' id='word_1_2' title='bbox 1099 691 1143 722; x_wconf 91' lang='lat' dir='ltr'>DI</span> 
     </span>
    </p>
   </div>
   <div class='ocr_carea' id='block_1_3' title="bbox 679 813 1563 858">
    <p class='ocr_par' dir='ltr' id='par_1_3' title="bbox 679 813 1563 858">
     <span class='ocr_line' id='line_1_3' title="bbox 679 813 1563 858; baseline 0 0"><span class='ocrx_word' id='word_1_3' title='bbox 679 813 959 858; x_wconf 77' lang='lat' dir='ltr'><strong>MATTEO</strong></span> <span class='ocrx_word' id='word_1_4' title='bbox 992 814 1221 858; x_wconf 87' lang='lat' dir='ltr'><strong>MARIA</strong></span> <span class='ocrx_word' id='word_1_5' title='bbox 1254 813 1563 858; x_wconf 83' lang='lat' dir='ltr'><strong>BOIARDO</strong></span> 
     </span>
    </p>
   </div>
   <div class='ocr_carea' id='block_1_4' title="bbox 187 1514 2024 3048">
    <p class='ocr_par' dir='ltr' id='par_1_4' title="bbox 232 1514 2019 2062">
     <span class='ocr_line' id='line_1_4' title="bbox 369 1514 2019 1590; baseline 0.002 -22"><span class='ocrx_word' id='word_1_6' title='bbox 369 1514 433 1590; x_wconf 88' lang='lat' dir='ltr'>[A</span> <span class='ocrx_word' id='word_1_7' title='bbox 450 1514 514 1589; x_wconf 82' lang='lat' dir='ltr'>r.]</span> <span class='ocrx_word' id='word_1_8' title='bbox 553 1522 682 1568; x_wconf 84' lang='lat' dir='ltr'><strong>Sono</strong></span> <span class='ocrx_word' id='word_1_9' title='bbox 728 1523 865 1569; x_wconf 91' lang='lat' dir='ltr'>tucte</span> <span class='ocrx_word' id='word_1_10' title='bbox 900 1520 946 1568; x_wconf 93' lang='lat' dir='ltr'>le</span> <span class='ocrx_word' id='word_1_11' title='bbox 980 1523 1116 1569; x_wconf 90' lang='lat' dir='ltr'>carte</span> <span class='ocrx_word' id='word_1_12' title='bbox 1151 1536 1240 1584; x_wconf 86' lang='lat' dir='ltr'>per</span> <span class='ocrx_word' id='word_1_13' title='bbox 1275 1536 1482 1569; x_wconf 89' lang='lat' dir='ltr'>numero</span> <span class='ocrx_word' id='word_1_14' title='bbox 1519 1521 1821 1582; x_wconf 81' lang='lat' dir='ltr'><strong>octanta31a</strong></span> <span class='ocrx_word' id='word_1_15' title='bbox 1855 1523 2019 1585; x_wconf 83' lang='lat' dir='ltr'>prima</span> 
     </span>
     <span class='ocr_line' id='line_1_5' title="bbox 233 1603 2017 1666; baseline 0.001 -15"><span class='ocrx_word' id='word_1_16' title='bbox 233 1603 460 1651; x_wconf 88' lang='lat' dir='ltr'>contiene</span> <span class='ocrx_word' id='word_1_17' title='bbox 495 1618 591 1651; x_wconf 92' lang='lat' dir='ltr'>uno</span> <span class='ocrx_word' id='word_1_18' title='bbox 638 1606 830 1651; x_wconf 83' lang='lat' dir='ltr'>sonetto</span> <span class='ocrx_word' id='word_1_19' title='bbox 878 1603 969 1651; x_wconf 87' lang='lat' dir='ltr'>che</span> <span class='ocrx_word' id='word_1_20' title='bbox 1019 1604 1224 1666; x_wconf 82' lang='lat' dir='ltr'>insegna</span> <span class='ocrx_word' id='word_1_21' title='bbox 1277 1605 1595 1652; x_wconf 86' lang='lat' dir='ltr'>brevemente</span> <span class='ocrx_word' id='word_1_22' title='bbox 1645 1603 1695 1651; x_wconf 85' lang='lat' dir='ltr'>la</span> <span class='ocrx_word' id='word_1_23' title='bbox 1731 1604 1923 1665; x_wconf 82' lang='lat' dir='ltr'>qualita</span> <span class='ocrx_word' id='word_1_24' title='bbox 1957 1605 2017 1653; x_wconf 92' lang='lat' dir='ltr'>de</span> 
     </span>
     <span class='ocr_line' id='line_1_6' title="bbox 232 1684 2018 1744; baseline 0 -10"><span class='ocrx_word' id='word_1_25' title='bbox 232 1687 364 1734; x_wconf 82' lang='lat' dir='ltr'>tutte</span> <span class='ocrx_word' id='word_1_26' title='bbox 400 1685 534 1744; x_wconf 85' lang='lat' dir='ltr'>loro,</span> <span class='ocrx_word' id='word_1_27' title='bbox 571 1700 598 1732; x_wconf 93' lang='lat' dir='ltr'>e</span> <span class='ocrx_word' id='word_1_28' title='bbox 641 1684 867 1733; x_wconf 85' lang='lat' dir='ltr'>l&#39;ultima</span> <span class='ocrx_word' id='word_1_29' title='bbox 900 1685 1198 1733; x_wconf 87' lang='lat' dir='ltr'>simihnente</span> <span class='ocrx_word' id='word_1_30' title='bbox 1232 1701 1323 1733; x_wconf 90' lang='lat' dir='ltr'>con</span> <span class='ocrx_word' id='word_1_31' title='bbox 1359 1701 1426 1734; x_wconf 91' lang='lat' dir='ltr'>un</span> <span class='ocrx_word' id='word_1_32' title='bbox 1461 1686 1591 1734; x_wconf 85' lang='lat' dir='ltr'>altro</span> <span class='ocrx_word' id='word_1_33' title='bbox 1625 1689 1817 1733; x_wconf 91' lang='lat' dir='ltr'>sonetto</span> <span class='ocrx_word' id='word_1_34' title='bbox 1853 1686 2018 1735; x_wconf 88' lang='lat' dir='ltr'><strong>mani-</strong></span> 
     </span>
     <span class='ocr_line' id='line_1_7' title="bbox 232 1765 2019 1830; baseline 0.001 -16"><span class='ocrx_word' id='word_1_35' title='bbox 232 1765 362 1815; x_wconf 86' lang='lat' dir='ltr'>festa</span> <span class='ocrx_word' id='word_1_36' title='bbox 395 1781 426 1815; x_wconf 86' lang='lat' dir='ltr'><strong>a</strong></span> <span class='ocrx_word' id='word_1_37' title='bbox 460 1766 495 1814; x_wconf 86' lang='lat' dir='ltr'>li</span> <span class='ocrx_word' id='word_1_38' title='bbox 528 1766 704 1814; x_wconf 88' lang='lat' dir='ltr'>lectori</span> <span class='ocrx_word' id='word_1_39' title='bbox 738 1766 770 1814; x_wconf 86' lang='lat'>1&#39;</span> <span class='ocrx_word' id='word_1_40' title='bbox 792 1767 957 1814; x_wconf 88' lang='lat' dir='ltr'><strong>animo</strong></span> <span class='ocrx_word' id='word_1_41' title='bbox 993 1767 1072 1814; x_wconf 92' lang='lat' dir='ltr'>del</span> <span class='ocrx_word' id='word_1_42' title='bbox 1107 1768 1436 1830; x_wconf 77' lang='lat' dir='ltr'><strong>compositore</strong></span> <span class='ocrx_word' id='word_1_43' title='bbox 1485 1782 1647 1815; x_wconf 79' lang='lat' dir='ltr'>essere</span> <span class='ocrx_word' id='word_1_44' title='bbox 1682 1769 1813 1815; x_wconf 89' lang='lat' dir='ltr'><strong>stato</strong></span> <span class='ocrx_word' id='word_1_45' title='bbox 1851 1767 1910 1815; x_wconf 93' lang='lat' dir='ltr'>de</span> <span class='ocrx_word' id='word_1_46' title='bbox 1945 1768 2019 1816; x_wconf 92' lang='lat' dir='ltr'>ri-</span> 
     </span>
     <span class='ocr_line' id='line_1_8' title="bbox 232 1849 2018 1912; baseline 0.001 -15"><span class='ocrx_word' id='word_1_47' title='bbox 232 1851 435 1898; x_wconf 85' lang='lat' dir='ltr'>trovare</span> <span class='ocrx_word' id='word_1_48' title='bbox 488 1852 662 1912; x_wconf 85' lang='lat' dir='ltr'>questo</span> <span class='ocrx_word' id='word_1_49' title='bbox 696 1849 854 1911; x_wconf 85' lang='lat' dir='ltr'>gioco‚</span> <span class='ocrx_word' id='word_1_50' title='bbox 908 1849 970 1897; x_wconf 88' lang='lat' dir='ltr'>ad</span> <span class='ocrx_word' id='word_1_51' title='bbox 1004 1850 1079 1897; x_wconf 86' lang='lat' dir='ltr'>cio</span> <span class='ocrx_word' id='word_1_52' title='bbox 1114 1850 1204 1897; x_wconf 89' lang='lat' dir='ltr'>che</span> <span class='ocrx_word' id='word_1_53' title='bbox 1251 1865 1341 1897; x_wconf 91' lang='lat' dir='ltr'>con</span> <span class='ocrx_word' id='word_1_54' title='bbox 1377 1864 1485 1898; x_wconf 91' lang='lat' dir='ltr'>esso</span> <span class='ocrx_word' id='word_1_55' title='bbox 1516 1849 1563 1898; x_wconf 89' lang='lat' dir='ltr'>el</span> <span class='ocrx_word' id='word_1_56' title='bbox 1595 1852 1779 1912; x_wconf 80' lang='lat' dir='ltr'>tempo,</span> <span class='ocrx_word' id='word_1_57' title='bbox 1805 1850 1895 1898; x_wconf 90' lang='lat' dir='ltr'>che</span> <span class='ocrx_word' id='word_1_58' title='bbox 1929 1866 2018 1899; x_wconf 94' lang='lat' dir='ltr'>ve-</span> 
     </span>
     <span class='ocr_line' id='line_1_9' title="bbox 232 1930 2017 1995; baseline 0.002 -17"><span class='ocrx_word' id='word_1_59' title='bbox 232 1930 506 1980; x_wconf 89' lang='lat' dir='ltr'>locemente</span> <span class='ocrx_word' id='word_1_60' title='bbox 540 1931 674 1994; x_wconf 84' lang='lat' dir='ltr'>fuge,</span> <span class='ocrx_word' id='word_1_61' title='bbox 699 1946 812 1979; x_wconf 91' lang='lat' dir='ltr'>cum</span> <span class='ocrx_word' id='word_1_62' title='bbox 845 1931 1054 1993; x_wconf 80' lang='lat' dir='ltr'>qualche</span> <span class='ocrx_word' id='word_1_63' title='bbox 1079 1931 1239 1979; x_wconf 89' lang='lat' dir='ltr'>solazo</span> <span class='ocrx_word' id='word_1_64' title='bbox 1280 1946 1331 1980; x_wconf 89' lang='lat' dir='ltr'>se</span> <span class='ocrx_word' id='word_1_65' title='bbox 1365 1932 1595 1995; x_wconf 86' lang='lat' dir='ltr'>trapassi,</span> <span class='ocrx_word' id='word_1_66' title='bbox 1630 1932 1694 1980; x_wconf 89' lang='lat' dir='ltr'>da</span> <span class='ocrx_word' id='word_1_67' title='bbox 1716 1932 1797 1980; x_wconf 93' lang='lat' dir='ltr'>chi</span> <span class='ocrx_word' id='word_1_68' title='bbox 1823 1932 2017 1981; x_wconf 89' lang='lat' dir='ltr'>ociosa-</span> 
     </span>
     <span class='ocr_line' id='line_1_10' title="bbox 234 2013 642 2062; baseline 0 -1"><span class='ocrx_word' id='word_1_69' title='bbox 234 2016 401 2061; x_wconf 86' lang='lat' dir='ltr'>mente</span> <span class='ocrx_word' id='word_1_70' title='bbox 434 2013 642 2062; x_wconf 83' lang='lat' dir='ltr'>vivesse.</span> 
     </span>
    </p>

    <p class='ocr_par' dir='ltr' id='par_1_5' title="bbox 187 2095 2024 3048">
     <span class='ocr_line' id='line_1_11' title="bbox 369 2095 2017 2159; baseline 0.002 -15"><span class='ocrx_word' id='word_1_71' title='bbox 369 2095 425 2144; x_wconf 89' lang='lat' dir='ltr'>L’</span> <span class='ocrx_word' id='word_1_72' title='bbox 446 2096 573 2144; x_wconf 89' lang='lat' dir='ltr'>altre</span> <span class='ocrx_word' id='word_1_73' title='bbox 609 2099 895 2145; x_wconf 88' lang='lat' dir='ltr'>veramente</span> <span class='ocrx_word' id='word_1_74' title='bbox 947 2099 1084 2145; x_wconf 89' lang='lat' dir='ltr'>tucte</span> <span class='ocrx_word' id='word_1_75' title='bbox 1131 2112 1248 2145; x_wconf 93' lang='lat' dir='ltr'>sono</span> <span class='ocrx_word' id='word_1_76' title='bbox 1285 2096 1335 2144; x_wconf 90' lang='lat' dir='ltr'>in</span> <span class='ocrx_word' id='word_1_77' title='bbox 1384 2097 1480 2145; x_wconf 91' lang='lat' dir='ltr'>due</span> <span class='ocrx_word' id='word_1_78' title='bbox 1515 2099 1659 2159; x_wconf 83' lang='lat' dir='ltr'>parte</span> <span class='ocrx_word' id='word_1_79' title='bbox 1695 2097 1882 2146; x_wconf 87' lang='lat' dir='ltr'>divise:</span> <span class='ocrx_word' id='word_1_80' title='bbox 1919 2113 2017 2147; x_wconf 90' lang='lat' dir='ltr'>una</span> 
     </span>
     <span class='ocr_line' id='line_1_12' title="bbox 236 2178 2017 2241; baseline 0.001 -15"><span class='ocrx_word' id='word_1_81' title='bbox 236 2180 442 2226; x_wconf 85' lang='lat' dir='ltr'>contene</span> <span class='ocrx_word' id='word_1_82' title='bbox 477 2178 684 2227; x_wconf 90' lang='lat' dir='ltr'>vintuno</span> <span class='ocrx_word' id='word_1_83' title='bbox 720 2178 911 2227; x_wconf 88' lang='lat' dir='ltr'>Trionfi</span> <span class='ocrx_word' id='word_1_84' title='bbox 946 2194 972 2226; x_wconf 92' lang='lat' dir='ltr'>e</span> <span class='ocrx_word' id='word_1_85' title='bbox 1010 2179 1042 2226; x_wconf 89' lang='lat' dir='ltr'>’l</span> <span class='ocrx_word' id='word_1_86' title='bbox 1077 2182 1266 2239; x_wconf 84' lang='lat' dir='ltr'><strong>mact03</strong></span> <span class='ocrx_word' id='word_1_87' title='bbox 1303 2179 1334 2227; x_wconf 85' lang='lat'>1&#39;</span> <span class='ocrx_word' id='word_1_88' title='bbox 1355 2178 1486 2227; x_wconf 90' lang='lat' dir='ltr'>altra</span> <span class='ocrx_word' id='word_1_89' title='bbox 1523 2179 1747 2226; x_wconf 86' lang='lat' dir='ltr'>contiene</span> <span class='ocrx_word' id='word_1_90' title='bbox 1772 2183 2017 2241; x_wconf 80' lang='lat' dir='ltr'><strong>quaranta</strong></span> 
     </span>
     <span class='ocr_line' id='line_1_13' title="bbox 237 2260 2016 2323; baseline 0.001 -15"><span class='ocrx_word' id='word_1_91' title='bbox 237 2263 373 2308; x_wconf 88' lang='lat' dir='ltr'>carte</span> <span class='ocrx_word' id='word_1_92' title='bbox 409 2261 469 2308; x_wconf 94' lang='lat' dir='ltr'>de</span> <span class='ocrx_word' id='word_1_93' title='bbox 503 2265 681 2323; x_wconf 88' lang='lat' dir='ltr'>quatro</span> <span class='ocrx_word' id='word_1_94' title='bbox 717 2261 909 2323; x_wconf 85' lang='lat' dir='ltr'>giochi,</span> <span class='ocrx_word' id='word_1_95' title='bbox 946 2277 972 2309; x_wconf 92' lang='lat' dir='ltr'>e</span> <span class='ocrx_word' id='word_1_96' title='bbox 1021 2262 1080 2309; x_wconf 88' lang='lat' dir='ltr'>de</span> <span class='ocrx_word' id='word_1_97' title='bbox 1115 2275 1221 2309; x_wconf 93' lang='lat' dir='ltr'>esse</span> <span class='ocrx_word' id='word_1_98' title='bbox 1256 2275 1440 2308; x_wconf 86' lang='lat' dir='ltr'>ancora</span> <span class='ocrx_word' id='word_1_99' title='bbox 1474 2260 1635 2308; x_wconf 81' lang='lat' dir='ltr'>sedeci</span> <span class='ocrx_word' id='word_1_100' title='bbox 1659 2260 1821 2323; x_wconf 83' lang='lat' dir='ltr'>figure</span> <span class='ocrx_word' id='word_1_101' title='bbox 1856 2261 1907 2309; x_wconf 92' lang='lat' dir='ltr'>in</span> <span class='ocrx_word' id='word_1_102' title='bbox 1933 2276 2016 2309; x_wconf 90' lang='lat' dir='ltr'>se-</span> 
     </span>
     <span class='ocr_line' id='line_1_14' title="bbox 238 2341 2016 2405; baseline 0.002 -16"><span class='ocrx_word' id='word_1_103' title='bbox 238 2341 346 2390; x_wconf 90' lang='lat' dir='ltr'>deci</span> <span class='ocrx_word' id='word_1_104' title='bbox 381 2345 518 2391; x_wconf 86' lang='lat' dir='ltr'>carte</span> <span class='ocrx_word' id='word_1_105' title='bbox 553 2343 777 2405; x_wconf 87' lang='lat' dir='ltr'>depinte:</span> <span class='ocrx_word' id='word_1_106' title='bbox 802 2347 852 2390; x_wconf 86' lang='lat' dir='ltr'>et</span> <span class='ocrx_word' id='word_1_107' title='bbox 877 2342 927 2390; x_wconf 87' lang='lat' dir='ltr'>in</span> <span class='ocrx_word' id='word_1_108' title='bbox 952 2345 1123 2405; x_wconf 88' lang='lat' dir='ltr'>questo</span> <span class='ocrx_word' id='word_1_109' title='bbox 1148 2358 1239 2390; x_wconf 90' lang='lat' dir='ltr'>con</span> <span class='ocrx_word' id='word_1_110' title='bbox 1269 2342 1315 2389; x_wconf 89' lang='lat' dir='ltr'>el</span> <span class='ocrx_word' id='word_1_111' title='bbox 1340 2357 1599 2390; x_wconf 90' lang='lat' dir='ltr'>commune</span> <span class='ocrx_word' id='word_1_112' title='bbox 1624 2343 1764 2404; x_wconf 84' lang='lat' dir='ltr'>gioco</span> <span class='ocrx_word' id='word_1_113' title='bbox 1792 2343 1851 2390; x_wconf 93' lang='lat' dir='ltr'>de</span> <span class='ocrx_word' id='word_1_114' title='bbox 1877 2345 2016 2392; x_wconf 88' lang='lat' dir='ltr'>carte</span> 
     </span>
     <span class='ocr_line' id='line_1_15' title="bbox 238 2420 2018 2487; baseline 0 -15"><span class='ocrx_word' id='word_1_115' title='bbox 238 2438 345 2472; x_wconf 91' lang='lat' dir='ltr'>esso</span> <span class='ocrx_word' id='word_1_116' title='bbox 381 2425 631 2472; x_wconf 89' lang='lat' dir='ltr'>conviene.</span> <span class='ocrx_word' id='word_1_117' title='bbox 666 2425 726 2472; x_wconf 90' lang='lat' dir='ltr'>Li</span> <span class='ocrx_word' id='word_1_118' title='bbox 761 2424 924 2486; x_wconf 82' lang='lat' dir='ltr'>giochi</span> <span class='ocrx_word' id='word_1_119' title='bbox 973 2439 1060 2472; x_wconf 88' lang='lat' dir='ltr'>son</span> <span class='ocrx_word' id='word_1_120' title='bbox 1087 2420 1335 2487; x_wconf 72' lang='lat' dir='ltr'>¹quattro:</span> <span class='ocrx_word' id='word_1_121' title='bbox 1379 2440 1477 2472; x_wconf 90' lang='lat' dir='ltr'>uno</span> <span class='ocrx_word' id='word_1_122' title='bbox 1514 2430 1540 2471; x_wconf 87' lang='grc'><strong>6</strong></span> <span class='ocrx_word' id='word_1_123' title='bbox 1586 2426 1794 2480; x_wconf 82' lang='lat' dir='ltr'>Amore,</span> <span class='ocrx_word' id='word_1_124' title='bbox 1836 2425 1868 2471; x_wconf 89' lang='lat' dir='ltr'>l&#39;</span> <span class='ocrx_word' id='word_1_125' title='bbox 1889 2424 2018 2472; x_wconf 83' lang='lat' dir='ltr'>altro</span> 
     </span>
     <span class='ocr_line' id='line_1_16' title="bbox 241 2506 2018 2569; baseline -0.001 -14"><span class='ocrx_word' id='word_1_126' title='bbox 241 2507 550 2569; x_wconf 77' lang='lat' dir='ltr'>Speranza,</span> <span class='ocrx_word' id='word_1_127' title='bbox 601 2506 636 2554; x_wconf 91' lang='lat' dir='ltr'>il</span> <span class='ocrx_word' id='word_1_128' title='bbox 669 2510 806 2554; x_wconf 90' lang='lat' dir='ltr'>terzo</span> <span class='ocrx_word' id='word_1_129' title='bbox 848 2507 1086 2562; x_wconf 79' lang='lat' dir='ltr'>Gelosz&#39;a,</span> <span class='ocrx_word' id='word_1_130' title='bbox 1140 2506 1184 2554; x_wconf 92' lang='lat' dir='ltr'>el</span> <span class='ocrx_word' id='word_1_131' title='bbox 1221 2509 1398 2568; x_wconf 87' lang='lat' dir='ltr'>quarto</span> <span class='ocrx_word' id='word_1_132' title='bbox 1443 2506 1662 2554; x_wconf 80' lang='lat' dir='ltr'>Timore.</span> <span class='ocrx_word' id='word_1_133' title='bbox 1715 2506 1778 2554; x_wconf 89' lang='lat' dir='ltr'>Et</span> <span class='ocrx_word' id='word_1_134' title='bbox 1813 2506 1864 2553; x_wconf 90' lang='lat' dir='ltr'>in</span> <span class='ocrx_word' id='word_1_135' title='bbox 1912 2507 2018 2554; x_wconf 87' lang='lat' dir='ltr'>cia-</span> 
     </span>
     <span class='ocr_line' id='line_1_17' title="bbox 239 2588 2020 2651; baseline 0 -15"><span class='ocrx_word' id='word_1_136' title='bbox 239 2603 392 2637; x_wconf 91' lang='lat' dir='ltr'>scuno</span> <span class='ocrx_word' id='word_1_137' title='bbox 429 2589 488 2636; x_wconf 90' lang='lat' dir='ltr'>de</span> <span class='ocrx_word' id='word_1_138' title='bbox 525 2588 686 2651; x_wconf 84' lang='lat' dir='ltr'>questi</span> <span class='ocrx_word' id='word_1_139' title='bbox 737 2588 902 2650; x_wconf 85' lang='lat' dir='ltr'>giochi</span> <span class='ocrx_word' id='word_1_140' title='bbox 955 2602 1071 2635; x_wconf 92' lang='lat' dir='ltr'>sono</span> <span class='ocrx_word' id='word_1_141' title='bbox 1126 2588 1416 2650; x_wconf 87' lang='lat' dir='ltr'>quatordeci</span> <span class='ocrx_word' id='word_1_142' title='bbox 1471 2590 1623 2646; x_wconf 88' lang='lat' dir='ltr'>carte,</span> <span class='ocrx_word' id='word_1_143' title='bbox 1674 2590 1757 2635; x_wconf 89' lang='lat' dir='ltr'>tra</span> <span class='ocrx_word' id='word_1_144' title='bbox 1791 2588 1838 2635; x_wconf 88' lang='lat' dir='ltr'>le</span> <span class='ocrx_word' id='word_1_145' title='bbox 1874 2588 2020 2649; x_wconf 89' lang='lat' dir='ltr'>quale</span> 
     </span>
     <span class='ocr_line' id='line_1_18' title="bbox 187 2664 2017 2739; baseline 0.001 -20"><span class='ocrx_word' id='word_1_146' title='bbox 187 2736 194 2739; x_wconf 18' lang='grc' dir='ltr'><strong>μ</strong></span> <span class='ocrx_word' id='word_1_147' title='bbox 240 2673 419 2733; x_wconf 85' lang='lat' dir='ltr'>quatro</span> <span class='ocrx_word' id='word_1_148' title='bbox 445 2686 532 2719; x_wconf 90' lang='lat' dir='ltr'>son</span> <span class='ocrx_word' id='word_1_149' title='bbox 557 2671 732 2732; x_wconf 84' lang='lat' dir='ltr'>figure,</span> <span class='ocrx_word' id='word_1_150' title='bbox 752 2670 843 2717; x_wconf 92' lang='lat' dir='ltr'>che</span> <span class='ocrx_word' id='word_1_151' title='bbox 868 2685 922 2717; x_wconf 90' lang='lat' dir='ltr'>ce</span> <span class='ocrx_word' id='word_1_152' title='bbox 946 2676 972 2717; x_wconf 84' lang='lat' dir='ltr'>e</span> <span class='ocrx_word' id='word_1_153' title='bbox 997 2670 1190 2732; x_wconf 82' lang='lat' dir='ltr'>signate</span> <span class='ocrx_word' id='word_1_154' title='bbox 1214 2685 1352 2717; x_wconf 91' lang='lat' dir='ltr'>come</span> <span class='ocrx_word' id='word_1_155' title='bbox 1378 2670 1423 2718; x_wconf 90' lang='grc'>16</span> <span class='ocrx_word' id='word_1_156' title='bbox 1444 2685 1703 2717; x_wconf 90' lang='lat' dir='ltr'>commune</span> <span class='ocrx_word' id='word_1_157' title='bbox 1724 2664 1784 2739; x_wconf 90' lang='lat' dir='ltr'>[A</span> <span class='ocrx_word' id='word_1_158' title='bbox 1798 2664 1862 2738; x_wconf 87' lang='lat' dir='ltr'>v.]</span> <span class='ocrx_word' id='word_1_159' title='bbox 1884 2685 2017 2720; x_wconf 92' lang='lat' dir='ltr'>sono.</span> 
     </span>
     <span class='ocr_line' id='line_1_19' title="bbox 238 2750 2021 2817; baseline -0.001 -15"><span class='ocrx_word' id='word_1_160' title='bbox 238 2754 304 2802; x_wconf 91' lang='lat' dir='ltr'>Et</span> <span class='ocrx_word' id='word_1_161' title='bbox 329 2750 406 2817; x_wconf 92' lang='grc'><strong>(1)</strong></span> <span class='ocrx_word' id='word_1_162' title='bbox 442 2753 503 2800; x_wconf 85' lang='lat' dir='ltr'>ad</span> <span class='ocrx_word' id='word_1_163' title='bbox 541 2753 614 2801; x_wconf 87' lang='lat' dir='ltr'>cio</span> <span class='ocrx_word' id='word_1_164' title='bbox 651 2753 741 2800; x_wconf 92' lang='lat' dir='ltr'>che</span> <span class='ocrx_word' id='word_1_165' title='bbox 778 2752 931 2800; x_wconf 87' lang='lat' dir='ltr'>niuna</span> <span class='ocrx_word' id='word_1_166' title='bbox 965 2767 1079 2800; x_wconf 90' lang='lat' dir='ltr'>cosa</span> <span class='ocrx_word' id='word_1_167' title='bbox 1112 2753 1360 2815; x_wconf 86' lang='lat' dir='ltr'>trappassi</span> <span class='ocrx_word' id='word_1_168' title='bbox 1395 2751 1560 2814; x_wconf 85' lang='lat' dir='ltr'><strong>voglio</strong></span> <span class='ocrx_word' id='word_1_169' title='bbox 1597 2766 1779 2799; x_wconf 87' lang='lat' dir='ltr'>ancora</span> <span class='ocrx_word' id='word_1_170' title='bbox 1803 2752 2021 2800; x_wconf 88' lang='lat' dir='ltr'>scrivere</span> 
     </span>
     <span class='ocr_line' id='line_1_20' title="bbox 238 2834 2022 2897; baseline -0.001 -13"><span class='ocrx_word' id='word_1_171' title='bbox 238 2834 285 2884; x_wconf 91' lang='lat' dir='ltr'>el</span> <span class='ocrx_word' id='word_1_172' title='bbox 307 2837 500 2884; x_wconf 87' lang='lat' dir='ltr'>sonetto</span> <span class='ocrx_word' id='word_1_173' title='bbox 535 2835 626 2883; x_wconf 92' lang='lat' dir='ltr'>che</span> <span class='ocrx_word' id='word_1_174' title='bbox 662 2850 722 2883; x_wconf 91' lang='lat' dir='ltr'>ne</span> <span class='ocrx_word' id='word_1_175' title='bbox 757 2835 806 2883; x_wconf 86' lang='lat' dir='ltr'>la</span> <span class='ocrx_word' id='word_1_176' title='bbox 840 2835 1003 2897; x_wconf 86' lang='lat' dir='ltr'>prima</span> <span class='ocrx_word' id='word_1_177' title='bbox 1038 2838 1177 2882; x_wconf 85' lang='lat' dir='ltr'>carta</span> <span class='ocrx_word' id='word_1_178' title='bbox 1200 2834 1554 2882; x_wconf 89' lang='lat' dir='ltr'>retrovandose</span> <span class='ocrx_word' id='word_1_179' title='bbox 1583 2834 1784 2896; x_wconf 85' lang='lat' dir='ltr'>scripto,</span> <span class='ocrx_word' id='word_1_180' title='bbox 1808 2834 2022 2882; x_wconf 84' lang='lat' dir='ltr'>manife-</span> 
     </span>
     <span class='ocr_line' id='line_1_21' title="bbox 238 2916 2024 2980; baseline -0.001 -14"><span class='ocrx_word' id='word_1_181' title='bbox 238 2920 483 2966; x_wconf 89' lang='lat' dir='ltr'>stamente</span> <span class='ocrx_word' id='word_1_182' title='bbox 518 2918 742 2965; x_wconf 86' lang='lat' dir='ltr'>dichiara</span> <span class='ocrx_word' id='word_1_183' title='bbox 775 2918 807 2965; x_wconf 88' lang='lat' dir='ltr'>l‘</span> <span class='ocrx_word' id='word_1_184' title='bbox 828 2917 998 2965; x_wconf 90' lang='lat' dir='ltr'>ordine</span> <span class='ocrx_word' id='word_1_185' title='bbox 1023 2918 1083 2965; x_wconf 93' lang='lat' dir='ltr'>de</span> <span class='ocrx_word' id='word_1_186' title='bbox 1117 2921 1255 2966; x_wconf 88' lang='lat' dir='ltr'>tucto</span> <span class='ocrx_word' id='word_1_187' title='bbox 1282 2919 1453 2980; x_wconf 89' lang='lat' dir='ltr'>questo</span> <span class='ocrx_word' id='word_1_188' title='bbox 1489 2916 1647 2979; x_wconf 85' lang='lat' dir='ltr'>gioco,</span> <span class='ocrx_word' id='word_1_189' title='bbox 1680 2917 1725 2964; x_wconf 91' lang='lat' dir='ltr'>el</span> <span class='ocrx_word' id='word_1_190' title='bbox 1749 2917 1893 2979; x_wconf 90' lang='lat' dir='ltr'>quale</span> <span class='ocrx_word' id='word_1_191' title='bbox 1917 2918 2024 2965; x_wconf 77' lang='lat' dir='ltr'>cusi</span> 
     </span>
     <span class='ocr_line' id='line_1_22' title="bbox 239 3015 550 3048; baseline 0 0"><span class='ocrx_word' id='word_1_192' title='bbox 239 3015 550 3048; x_wconf 83' lang='lat' dir='ltr'>mcomenza:</span> 
     </span>
    </p>
   </div>
   <div class='ocr_carea' id='block_1_5' title="bbox 236 3186 2029 3468">
    <p class='ocr_par' dir='ltr' id='par_1_6' title="bbox 236 3186 2029 3468">
     <span class='ocr_line' id='line_1_23' title="bbox 329 3186 2022 3233; baseline -0.001 -11"><span class='ocrx_word' id='word_1_193' title='bbox 329 3186 378 3232; x_wconf 88' lang='lat'>(1)</span> <span class='ocrx_word' id='word_1_194' title='bbox 401 3187 600 3232; x_wconf 80' lang='lat' dir='ltr'>Trasporto</span> <span class='ocrx_word' id='word_1_195' title='bbox 622 3187 683 3233; x_wconf 85' lang='lat' dir='ltr'>qui</span> <span class='ocrx_word' id='word_1_196' title='bbox 702 3197 765 3232; x_wconf 89' lang='lat' dir='ltr'>per</span> <span class='ocrx_word' id='word_1_197' title='bbox 782 3187 954 3231; x_wconf 84' lang='lat' dir='ltr'>maggior</span> <span class='ocrx_word' id='word_1_198' title='bbox 968 3187 1093 3221; x_wconf 83' lang='lat' dir='ltr'>ordine</span> <span class='ocrx_word' id='word_1_199' title='bbox 1111 3197 1132 3221; x_wconf 87' lang='lat' dir='ltr'>e</span> <span class='ocrx_word' id='word_1_200' title='bbox 1147 3187 1350 3230; x_wconf 85' lang='lat' dir='ltr'>chiarezza‚</span> <span class='ocrx_word' id='word_1_201' title='bbox 1364 3192 1493 3233; x_wconf 78' lang='lat' dir='ltr'>questo</span> <span class='ocrx_word' id='word_1_202' title='bbox 1507 3197 1616 3232; x_wconf 82' lang='lat' dir='ltr'>passo</span> <span class='ocrx_word' id='word_1_203' title='bbox 1632 3187 1686 3222; x_wconf 84' lang='lat' dir='ltr'>col</span> <span class='ocrx_word' id='word_1_204' title='bbox 1702 3191 1860 3231; x_wconf 86' lang='lat' dir='ltr'>sonetto,</span> <span class='ocrx_word' id='word_1_205' title='bbox 1877 3186 1945 3220; x_wconf 89' lang='lat' dir='ltr'>che</span> <span class='ocrx_word' id='word_1_206' title='bbox 1962 3186 2022 3221; x_wconf 91' lang='lat' dir='ltr'>nel</span> 
     </span>
     <span class='ocr_line' id='line_1_24' title="bbox 238 3246 2025 3291; baseline -0.001 -10"><span class='ocrx_word' id='word_1_207' title='bbox 238 3256 306 3281; x_wconf 79' lang='lat' dir='ltr'>ms.</span> <span class='ocrx_word' id='word_1_208' title='bbox 327 3255 454 3290; x_wconf 78' lang='lat' dir='ltr'>segue.</span> <span class='ocrx_word' id='word_1_209' title='bbox 477 3251 692 3281; x_wconf 84' lang='lat' dir='ltr'>veramente</span> <span class='ocrx_word' id='word_1_210' title='bbox 716 3247 752 3280; x_wconf 86' lang='lat' dir='ltr'>al</span> <span class='ocrx_word' id='word_1_211' title='bbox 775 3247 891 3291; x_wconf 86' lang='lat' dir='ltr'>primo</span> <span class='ocrx_word' id='word_1_212' title='bbox 914 3246 1072 3291; x_wconf 83' lang='lat' dir='ltr'>capitolo</span> <span class='ocrx_word' id='word_1_213' title='bbox 1094 3246 1129 3280; x_wconf 91' lang='lat' dir='ltr'>di</span> <span class='ocrx_word' id='word_1_214' title='bbox 1148 3248 1307 3285; x_wconf 82' lang='lat' dir='ltr'>Amore,</span> <span class='ocrx_word' id='word_1_215' title='bbox 1331 3256 1354 3281; x_wconf 84' lang='lat' dir='ltr'>a</span> <span class='ocrx_word' id='word_1_216' title='bbox 1377 3257 1407 3281; x_wconf 87' lang='lat' dir='ltr'>c.</span> <span class='ocrx_word' id='word_1_217' title='bbox 1436 3249 1532 3281; x_wconf 81' lang='lat' dir='ltr'>Anu</span> <span class='ocrx_word' id='word_1_218' title='bbox 1547 3256 1582 3281; x_wconf 88' lang='lat' dir='ltr'>v.</span> <span class='ocrx_word' id='word_1_219' title='bbox 1598 3246 1682 3281; x_wconf 89' lang='lat'>-11</span> <span class='ocrx_word' id='word_1_220' title='bbox 1705 3251 1851 3281; x_wconf 82' lang='lat' dir='ltr'>sonetto</span> <span class='ocrx_word' id='word_1_221' title='bbox 1873 3246 2025 3290; x_wconf 85' lang='lat' dir='ltr'>precede</span> 
     </span>
     <span class='ocr_line' id='line_1_25' title="bbox 236 3305 2024 3352; baseline -0.001 -11"><span class='ocrx_word' id='word_1_222' title='bbox 236 3306 332 3342; x_wconf 81' lang='lat' dir='ltr'>nelle</span> <span class='ocrx_word' id='word_1_223' title='bbox 354 3312 498 3351; x_wconf 81' lang='lat' dir='ltr'>stampe</span> <span class='ocrx_word' id='word_1_224' title='bbox 521 3307 532 3340; x_wconf 85' lang='lat' dir='ltr'><strong>i</strong></span> <span class='ocrx_word' id='word_1_225' title='bbox 555 3306 703 3351; x_wconf 82' lang='lat' dir='ltr'>capitoli</span> <span class='ocrx_word' id='word_1_226' title='bbox 727 3317 795 3341; x_wconf 87' lang='lat' dir='ltr'>con</span> <span class='ocrx_word' id='word_1_227' title='bbox 818 3311 949 3352; x_wconf 79' lang='lat' dir='ltr'>questa</span> <span class='ocrx_word' id='word_1_228' title='bbox 973 3305 1194 3341; x_wconf 84' lang='lat' dir='ltr'>didascalia:</span> <span class='ocrx_word' id='word_1_229' title='bbox 1234 3320 1253 3340; x_wconf 68' lang='grc' dir='ltr'>α(</span> <span class='ocrx_word' id='word_1_230' title='bbox 1286 3308 1518 3351; x_wconf 82' lang='lat' dir='ltr'>Argumento</span> <span class='ocrx_word' id='word_1_231' title='bbox 1552 3308 1599 3341; x_wconf 88' lang='lat' dir='ltr'>da</span> <span class='ocrx_word' id='word_1_232' title='bbox 1635 3307 1659 3341; x_wconf 93' lang='lat' dir='ltr'>li</span> <span class='ocrx_word' id='word_1_233' title='bbox 1691 3307 1772 3341; x_wconf 84' lang='lat' dir='ltr'>ditti</span> <span class='ocrx_word' id='word_1_234' title='bbox 1806 3306 1957 3351; x_wconf 82' lang='lat' dir='ltr'>capituli</span> <span class='ocrx_word' id='word_1_235' title='bbox 1981 3305 2024 3339; x_wconf 89' lang='lat' dir='ltr'>de</span> 
     </span>
     <span class='ocr_line' id='line_1_26' title="bbox 237 3364 2029 3410; baseline -0.001 -12"><span class='ocrx_word' id='word_1_236' title='bbox 237 3378 256 3398; x_wconf 64' lang='grc' dir='ltr'><strong>ι</strong></span> <span class='ocrx_word' id='word_1_237' title='bbox 281 3365 447 3400; x_wconf 76' lang='lat' dir='ltr'>Mattheo</span> <span class='ocrx_word' id='word_1_238' title='bbox 470 3365 589 3400; x_wconf 86' lang='lat' dir='ltr'>Maria</span> <span class='ocrx_word' id='word_1_239' title='bbox 611 3365 766 3399; x_wconf 85' lang='lat' dir='ltr'>Boiardo</span> <span class='ocrx_word' id='word_1_240' title='bbox 789 3375 898 3409; x_wconf 82' lang='lat' dir='ltr'>sopra</span> <span class='ocrx_word' id='word_1_241' title='bbox 922 3375 972 3399; x_wconf 90' lang='lat' dir='ltr'>un</span> <span class='ocrx_word' id='word_1_242' title='bbox 998 3375 1093 3399; x_wconf 87' lang='lat' dir='ltr'>novo</span> <span class='ocrx_word' id='word_1_243' title='bbox 1116 3366 1223 3409; x_wconf 85' lang='lat' dir='ltr'>gioco</span> <span class='ocrx_word' id='word_1_244' title='bbox 1247 3365 1290 3399; x_wconf 91' lang='lat' dir='ltr'>de</span> <span class='ocrx_word' id='word_1_245' title='bbox 1311 3370 1414 3400; x_wconf 83' lang='lat' dir='ltr'>carte</span> <span class='ocrx_word' id='word_1_246' title='bbox 1439 3378 1472 3400; x_wconf 81' lang='grc'>».</span> <span class='ocrx_word' id='word_1_247' title='bbox 1499 3366 1528 3399; x_wconf 88' lang='lat'>11</span> <span class='ocrx_word' id='word_1_248' title='bbox 1545 3370 1691 3400; x_wconf 83' lang='lat' dir='ltr'>sonetto</span> <span class='ocrx_word' id='word_1_249' title='bbox 1707 3364 1799 3399; x_wconf 86' lang='lat' dir='ltr'>offre</span> <span class='ocrx_word' id='word_1_250' title='bbox 1818 3368 1947 3410; x_wconf 85' lang='lat' dir='ltr'>queste</span> <span class='ocrx_word' id='word_1_251' title='bbox 1961 3373 2029 3398; x_wconf 88' lang='lat' dir='ltr'>va-</span> 
     </span>
     <span class='ocr_line' id='line_1_27' title="bbox 237 3423 2023 3468; baseline -0.002 -9"><span class='ocrx_word' id='word_1_252' title='bbox 237 3424 370 3460; x_wconf 86' lang='lat' dir='ltr'>rianti:</span> <span class='ocrx_word' id='word_1_253' title='bbox 400 3424 455 3459; x_wconf 90' lang='grc'><strong>10.</strong></span> <span class='ocrx_word' id='word_1_254' title='bbox 479 3424 549 3460; x_wconf 90' lang='lat' dir='ltr'>Ms.</span> <span class='ocrx_word' id='word_1_255' title='bbox 575 3433 663 3459; x_wconf 79' lang='lat' dir='ltr'>cum</span> <span class='ocrx_word' id='word_1_256' title='bbox 688 3428 872 3467; x_wconf 81' lang='lat' dir='ltr'>terzecto;</span> <span class='ocrx_word' id='word_1_257' title='bbox 895 3423 964 3458; x_wconf 90' lang='lat' dir='ltr'>Ed.</span> <span class='ocrx_word' id='word_1_258' title='bbox 989 3433 1011 3457; x_wconf 77' lang='lat' dir='ltr'>e</span> <span class='ocrx_word' id='word_1_259' title='bbox 1033 3432 1088 3458; x_wconf 82' lang='lat' dir='ltr'>un</span> <span class='ocrx_word' id='word_1_260' title='bbox 1112 3426 1299 3459; x_wconf 79' lang='lat' dir='ltr'>ternario.</span> <span class='ocrx_word' id='word_1_261' title='bbox 1394 3424 1447 3459; x_wconf 83' lang='lat'>14.</span> <span class='ocrx_word' id='word_1_262' title='bbox 1476 3425 1545 3459; x_wconf 85' lang='lat' dir='ltr'>Ms.</span> <span class='ocrx_word' id='word_1_263' title='bbox 1577 3426 1716 3465; x_wconf 77' lang='lat' dir='ltr'>Questa</span> <span class='ocrx_word' id='word_1_264' title='bbox 1744 3424 1822 3468; x_wconf 84' lang='lat' dir='ltr'>(sic)</span> <span class='ocrx_word' id='word_1_265' title='bbox 1847 3432 1908 3457; x_wconf 83' lang='lat' dir='ltr'>mo</span> <span class='ocrx_word' id='word_1_266' title='bbox 1925 3432 1951 3456; x_wconf 82' lang='lat' dir='ltr'>a</span> <span class='ocrx_word' id='word_1_267' title='bbox 1978 3426 2023 3455; x_wconf 84' lang='lat' dir='ltr'>te-</span> 
     </span>
    </p>
   </div>
  </div>
 </body>
</html>
