2626 4204
1381 384 1680 433 -470—

713 482 865 536 Tunc
903 498 1078 535 venae
1118 480 1413 552 chalybum
1453 481 1689 553 chalybe
1730 486 1898 554 atque
1944 483 2235 569 nocentius
2532 533 2551 547 ..

2054 571 2271 641 [aurum
2347 572 2427 629 25

942 658 1188 730 Rupibus
1229 659 1480 724 eruitur3

636 816 641 821 .
718 748 869 802 Tunc
909 749 1144 819 primum
1183 747 1375 802 domiti
1415 748 1683 819 Lapithae
1723 765 1949 804 sensere
1986 749 2197 805 ferocis

940 837 1196 891 Verbera
1235 837 1590 908 cornipedes;

717 926 919 980 Navita
955 929 1089 980 tunc
1128 925 1330 979 sollers
1370 930 1566 980 ventos
1605 929 1664 980 et
1701 925 1890 981 sidera
1931 927 2105 992 novit,

941 1015 1284 1091 Nominaque
1325 1015 1613 1086 imposuit.·
1761 1086 1764 1089 ι
2351 1017 2428 1074 30

719 1106 930 1159 Ferrea
966 1120 1098 1158 mox
1137 1109 1316 1167 aetas;
1356 1104 1535 1175 longis
1574 1108 1794 1159 mutare
1834 1105 2027 1159 diebus

942 1194 1214 1264 Tempora
1253 1193 1382 1263 quid
1421 1194 1736 1264 nequeant?

721 1283 874 1336 Haec
912 1283 1149 1353 primum
1188 1282 1362 1352 nigris
1399 1286 1548 1337 totas
1588 1281 1782 1336 effudit
1819 1283 2062 1338 habenas

945 1371 1276 1427 Criminibus
1315 1371 1560 1433 soboles:

722 1463 874 1516 Tunc
911 1462 1068 1532 prius
1108 1460 1329 1515 infidum
1367 1461 1692 1532 facinusque
1733 1466 1792 1516 et
1831 1462 1984 1516 bella
2020 1464 2242 1518 cruenti
2353 1449 2438 1519 35'

948 1551 1296 1604 Infremuere
1336 1550 1534 1613 duces;

724 1642 1202 1711 Hippomanesque
1216 1644 1407 1694 truces
1421 1639 1772 1711 gelidumque
1788 1641 2010 1695 aconita
2024 1657 2298 1696 novercae

946 1730 1292 1784 Miscuerunt
1331 1729 1538 1799 epulis;

727 1821 890 1875 Ilicet
928 1821 1166 1873 humano
1206 1819 1448 1890 pollutas
1495 1821 1759 1890 sanguine
1799 1824 1984 1875 terras

946 1910 1167 1963 Deserit
1205 1910 1464 1978 Erigone,
2358 1910 2435 1965 40

725 1999 1036 2068 Sanctaque
1075 2015 1200 2053 cum
1239 1999 1361 2052 miti
1407 1998 1697 2052 subierunt
1735 1999 1971 2054 aethera
2011 2016 2210 2070 purum

947 2088 1263 2158 Relligione
1301 2087 1451 2143 fides,

726 2179 801 2232 At
838 2195 982 2232 nunc
1022 2178 1254 2232 sidereis
1294 2195 1517 2232 rursum
1557 2178 1625 2232 de
1666 2178 1884 2233 sedibus
1926 2195 2114 2233 omnes

949 2268 1246 2322 Exsiluere
1287 2267 1442 2332 deae,

727 2358 975 2426 Namque
1016 2358 1220 2410 iterum
1259 2357 1505 2410 Estensis
1545 2356 1644 2410 sub
1671 2360 1900 2427 pectore
1927 2360 2050 2411 tuta
2078 2357 2284 2412 resedit
2360 2358 2438 2413 45

951 2447 1213 2500 Herculis
1251 2447 1398 2499 alma
1434 2445 1585 2510 fides,

731 2536 1093 2606 Iustitiaeque
1133 2535 1301 2589 decus
1340 2535 1502 2588 simul
1544 2534 1714 2588 isdem
1755 2534 1974 2588 sedibus
2012 2534 2137 2590 alba

952 2624 1194 2695 Relligio
1235 2623 1421 2688 subiit,

729 2714 1028 2783 Aureaque
1066 2713 1283 2767 Estensi
1322 2730 1518 2767 rursus
1559 2712 1656 2767 sub
1697 2712 1944 2783 principe
1987 2713 2170 2768 saecla
2535 2731 2561 2780 ξ

954 2803 1191 2857 Reddita
1230 2807 1358 2855 sunt
1395 2803 1630 2873 populis,
2361 2803 2439 2858 50

1466 3195 1624 3255 Τέλος
