2626 4204
892 344 1090 393 —433
1130 371 1191 380 —

982 826 1090 875 VII.

718 1069 1005 1123 Bucula
1070 1070 1358 1139 incipit.

835 1188 1246 1238 CoLLOCUTOREs
1319 1219 1323 1223 -

583 1301 858 1363 Poenum,
905 1300 1194 1370 Corydon,
1235 1303 1493 1371 Bam-9208.

114 1510 293 1564 PoEM.
334 1455 600 1573 Dicite,
642 1511 712 1574 io,
754 1510 930 1580 pueri,
972 1511 1016 1563 si
1057 1511 1205 1564 forte
1247 1510 1314 1563 ad
1341 1509 1580 1564 fluminis
1607 1511 1779 1565 undas

261 1599 497 1653 Venerit
534 1600 621 1652 his
660 1599 824 1652 hodie
864 1600 998 1652 mihi
1037 1600 1256 1669 perdita
1294 1599 1498 1653 bucula
1537 1600 1749 1654 lustris,

112 1689 244 1743 COR.
287 1689 514 1743 Scilicet
551 1689 659 1742 hoc
700 1689 878 1742 solum
919 1705 1103 1743 curae·
1130 1693 1243 1753 est;
1271 1695 1369 1742 tua
1395 1689 1599 1743 bucula
1625 1690 1781 1743 nobis

261 1777 515 1831 Credita?
555 1778 814 1831 Lascivos
853 1778 1075 1831 demens
1115 1778 1347 1847 agitabis
1387 1795 1623 1842 amoreS‚

259 1867 373 1920 Nos
411 1866 511 1919 tibi
551 1866 809 1919 custodes
849 1867 1190 1920 servabimus
1230 1867 1427 1931 omnia,
1466 1868 1742 1921 Poeman?
1928 1869 1966 1922 5

110 1957 290 2012 POEM.
330 1955 516 2009 Altius
555 1955 641 2008 his
679 1955 868 2009 blaeso
908 1957 988 2008 nil
1027 1956 1243 2010 diceret
1283 1973 1381 2009 ore
1422 1956 1691 2026 superbus

258 2044 480 2108 Bebius,
521 2048 618 2097 aut
658 2044 755 2103 illo
796 2045 840 2097 si
882 2044 1166 2114 quisquam
1206 2045 1410 2099 elatior
1450 2047 1614 2100 alter.

257 2135 382 2189 Non
420 2139 604 2188 tamen
644 2134 906 2199 admiror,
946 2152 1069 2188 cum
1109 2143 1166 2188 te
1205 2139 1303 2189 tua
1331 2153 1541 2189 cornua
1568 2137 1794 2190 tollant:

261 2223 488 2294 Saepius
527 2229 585 2278 et
622 2225 815 2277 tristes
854 2224 1191 2277 crudescunt
1229 2225 1489 2278 cornibus
1529 2226 1688 2279 hirci.

111 2312 246 2367 Con.
285 2314 438 2367 Haec
462 2313 562 2366 tibi
589 2313 897 2377 credemUS‚
925 2314 1100 2366 veluti
1129 2315 1159 2366 J
1163 2315 1280 2367 ovis
1307 2315 1481 2367 ardua
1508 2331 1746 2384 quercus
1894 2316 1962 2368 10

112 2394 116 2396 ’
259 2403 479 2455 Dixerit
517 2408 614 2455 aut
651 2401 813 2455 dubio
857 2407 1024 2455 cantu
1063 2420 1173 2456 non
1211 2403 1384 2456 falsus
1424 2404 1644 2473 Apollo.

110 2493 292 2546 ΡοΕΜ.
334 2491 577 2545 Credere
618 2492 738 2561 quis
777 2492 972 2562 cogat?
1012 2492 1107 2545 sed
1135 2509 1237 2545 cur
1263 2492 1360 2545 tibi
1392 2496 1548 2546 tanta
1569 2493 1775 2546 Patelli

259 2580 484 2635 Gratia?
522 2581 784 2650 numquid
823 2597 954 2634 oves
991 2585 1051 2634 et
1086 2581 1288 2651 jugera
1326 2582 1479 2635 culta
1517 2582 1768 2635 Patellus

198 2756 275 2791 Vn.
298 2756 437 2792 Manca.
459 2757 498 2791 in
522 2757 567 2791 V.
595 2777 639 2783 —
662 2758 702 2791 In
727 2757 765 2791 C.
791 2757 817 2791 il
842 2762 939 2791 terzo
962 2756 1219 2792 interlocutore
1241 2759 1262 2792 e
1286 2757 1444 2791 Alc-hon.
1538 2759 1570 2791 4.
1587 2758 1629 2792 C.
1649 2757 1826 2792 sectabis.
1919 2759 1960 2791 5-

112 2816 166 2850 10.
191 2816 323 2851 Invece
346 2817 383 2850 di
405 2817 524 2862 questi
549 2817 661 2859 versi,
686 2817 724 2850 in
749 2816 790 2850 C.
814 2817 844 2850 si
870 2816 1030 2860 leggono
1054 2816 1173 2862 questi
1197 2816 1301 2851 altri:

332 2876 453 2910 Pom.
478 2877 567 2910 Non
590 2876 687 2910 mihi
709 2880 750 2910 tu
773 2881 912 2919 custos,
942 2876 1147 2918 Corydon5
1171 2876 1241 2909 tibi
1262 2884 1361 2911 eura
1386 2882 1475 2911 tuae
1498 2877 1547 2910 sit

528 2936 726 2978 Coniugis,
751 2935 914 2970 occidua
937 2944 1038 2979 quae
1062 2944 1215 2979 semper
1236 2940 1346 2970 nocte
1369 2936 1558 2971 maritum

527 2996 692 3038 Deserit,
718 2999 753 3028 et
777 2996 962 3037 querulos
985 2996 1074 3036 ficto
1098 3004 1184 3030 cum
1211 3004 1414 3030 murmure
1434 3004 1578 3039 porcos

525 3056 670 3089 Evocat
695 3055 747 3088 ad
772 3055 961 3089 tremulae
983 3055 1168 3089 simulata
1195 3055 1390 3097 lequmina
1415 3057 1546 3099 cistae,

530 3115 683 3149 Callida
706 3123 783 3157 quo
809 3119 938 3148 tenero
964 3123 1004 3148 se
1027 3123 1067 3148 se
1090 3116 1299 3158 coniungat
1324 3116 1484 3150 amanti.

333 3176 422 3210 Con.
478 3176 585 3209 Haee
609 3175 678 3208 eibi
700 3175 926 3209 credemus?
949 3176 1010 3209 An
1033 3183 1111 3210 non
1134 3175 1232 3209 mihi
1250 3185 1400 3219 pascua
1425 3177 1599 3211 mendax

527 3234 696 3276 Pinguia
720 3234 894 3275 florentie
917 3235 1082 3268 iurabas
1105 3238 1207 3269 secta
1229 3235 1387 3277 yemelle

530 3294 625 3328 Cum
650 3298 776 3328 tamen
801 3293 872 3328 hae
896 3295 983 3337 ipsa
1007 3295 1136 3328 veniat
1154 3302 1257 3338 puer
1279 3295 1394 3329 fecitis
1419 3296 1518 3330 hora

527 3354 574 3388 Ει
596 3353 746 3394 referat
768 3354 876 3388 nullo
894 3354 1045 3396 positas
1067 3354 1108 3388 in
1127 3353 1307 3396 ,qr-amine
1329 3354 1459 3395 falces,

34 3431 35 3434 =
113 3414 165 3448 12.
195 3415 235 3450 C.
261 3415 328 3448 sed
353 3415 458 3457 quid.

201 3497 362 3523 nomano
1823 3491 1866 3524 23
