2626 4204
910 374 1207 421 —463—

987 577 1142 630 VIII.

254 682 376 791 Sit
412 740 609 809 procul
651 757 683 793 a
725 739 879 793 nobis
920 738 1176 792 foedatus
1218 739 1480 808 sanguine
1523 739 1764 800 Mavors,

404 829 736 900 Strymoniis
775 829 982 882 bellum
1022 830 1255 881 misceat
1294 829 1390 881 ille
1432 829 1557 881 suis.

251 917 495 973 Candida
532 936 643 988 pax
681 919 870 972 foveat
909 918 1142 987 populos
1182 922 1240 970 et
1277 918 1476 970 Borsia
1513 933 1702 985 regna,

400 1009 471 1061 Et
510 995 694 1061 coines
735 1009 789 1060 in
829 1024 1026 1078 pompa
1066 1007 1225 1076 copia
1263 1006 1415 1059 dives
1456 1011 1564 1058 eat.

251 1098 576 1150 Formosum
615 1096 780 1149 viridi
819 1100 986 1166 caput
1026 1096 1342 1148 innectatur
1382 1095 1529 1148 oliva

399 1186 469 1238 Et
507 1185 756 1238 manibus
796 1184 1026 1248 culmos,
1068 1184 1253 1254 spicea
1293 1189 1446 1237 serta
1484 1184 1647 1236 ferat.

254 1273 559 1344 Iaspidibus
598 1274 753 1327 fulvo
794 1274 1085 1344 gradiatur
1124 1273 1408 1343 splendida
1445 1263 1636 1335 curru,

399 1365 663 1434 Hesperis
703 1365 969 1433 insignem
1010 1364 1213 1417 sentiat
1252 1380 1353 1416 ora
1391 1363 1564 1416 deam.

251 1454 404 1506 Tunc
442 1470 616 1523 genus
657 1454 906 1507 italicum
945 1454 1139 1523 positis
1180 1454 1437 1506 mitescat
1477 1452 1542 1505 ab
1583 1452 1768 1515 armiS‚

399 1543 522 1596 Non
561 1543 733 1596 durus
773 1547 1005 1613 peragat
1042 1543 1228 1596 tristia
1267 1543 1383 1596 fata
1423 1541 1671 1611 chalybs,
1888 1543 1955 1594 10

250 1633 495 1687 Horrida
522 1633 618 1686 sed
646 1633 928 1703 scythicas
956 1636 1290 1702 spargantur
1315 1632 1465 1685 bella
1491 1649 1593 1701 per
1614 1631 1804 1694 urbes;

400 1724 463 1775 In
504 1723 650 1776 solas
691 1723 846 1775 nobis
885 1723 1002 1775 tela
1036 1722 1283 1792 gerenda
1321 1722 1489 1775 feras,

251 1812 479 1867 Proelia
518 1811 806 1882 diffugiant
843 1813 1057 1882 pariter
1094 1813 1318 1865 telluris
1358 1816 1416 1864 et
1453 1811 1661 1874 undae;

399 1901 623 1954 Alcides
662 1902 847 1971 posuit
883 1903 1070 1955 tristia
1107 1901 1256 1955 bella
1294 1918 1464 1955 meus,

249 1990 587 2044 Horrisonos
627 1991 909 2060 strepituS‚
951 1991 1243 2044 stridentia
1281 1991 1435 2060 signa
1473 1990 1731 2043 tubarum
1888 1990 1956 2042 15

397 2080 633 2143 Deserit,
675 2084 734 2133 et
772 2079 920 2133 dulci
960 2080 1209 2133 redditus
1249 2084 1336 2134 est
1373 2081 1604 2150 patriae.

251 2170 474 2223 Oetaeis
515 2169 788 2238 quondam
829 2170 1005 2222 veluti
1046 2169 1343 2240 flagrantia
1382 2168 1615 2222 flammis

398 2258 649 2312 Membra
688 2259 840 2312 dedit
878 2260 1035 2312 caelo
1077 2259 1327 2312 redditus
1367 2259 1463 2312 ille
1504 2259 1654 2312 deus.

249 2347 402 2400 Tunc
441 2348 701 2401 Phoebus
740 2349 1022 2418 pharetris
1062 2352 1227 2418 atque
1268 2348 1500 2401 horrida
1528 2349 1786 2418 Gorgone

1525 2437 1731 2504 [Pallas

401 2525 574 2579 Obvia
612 2527 862 2595 surgenti
902 2525 963 2579 fit
1003 2544 1101 2579 sua
1141 2526 1307 2579 turba
1346 2526 1479 2580 deo:
1879 2527 1952 2580 20

248 2615 383 2667 Diva
421 2615 749 2668 novercales
787 2617 972 2685 posuit
1005 2616 1265 2669 Saturnia
1302 2616 1496 2679 fastuS‚

397 2703 487 2758 Sic
525 2706 707 2774 magni
748 2705 980 2758 suadent
1014 2706 1170 2758 mitia
1210 2707 1357 2759 iussa
1397 2706 1564 2758 Jovis.

248 2793 545 2863 Splendida
583 2794 816 2848 formosi
856 2796 1139 2848 laetantur
1178 2796 1400 2848 numina
1440 2795 1582 2848 caeli

397 2884 467 2936 Et
508 2883 733 2953 Superis
771 2884 948 2937 festus
989 2886 1214 2938 ducitur
1253 2885 1349 2937 ille
1391 2885 1525 2937 dies.

247 2971 397 3025 Talis
436 2971 566 3025 ades
604 2974 836 3042 patriae,
877 2974 1087 3026 circum
1126 2978 1200 3038 te,
1243 2973 1458 3037 florida,
1497 2974 1723 3033 fratres,
1882 2975 1954 3027 25

397 3060 647 3130 Corpora
687 3066 849 3126 stant,
892 3063 1057 3115 animi
1098 3063 1330 3132 pignora
1369 3079 1502 3116 cara
1540 3063 1651 3125 tui3

246 3149 396 3210 Quos
436 3149 583 3203 inter
623 3151 805 3204 radiat
844 3151 1027 3205 divino
1067 3153 1283 3205 vertice
1322 3153 1542 3222 fulgens
1600 3152 1604 3157 ’

397 3238 571 3293 Grata
611 3240 940 3309 Sigismundi
979 3242 1233 3311 corporis
1273 3241 1498 3311 effigieS‚

248 3325 417 3380 Cuius
457 3328 523 3380 ab
565 3334 762 3381 aurato
802 3329 1105 3383 fundantur
1145 3331 1358 3400 spicula
1397 3347 1590 3393 cornu,

394 3417 640 3471 Haereat
680 3422 738 3471 et
776 3419 943 3488 capiti
983 3419 1194 3484 laurea,
1236 3420 1493 3474 Phoebus
1534 3419 1658 3472 erit.
1881 3417 1951 3471 30

1922 1094 1957 1146 Οἵ
