2626 4204
920 401 1222 448 —443—

286 497 595 566 Ingluvies3
636 498 743 549 tuti
782 497 1013 550 tondent
1036 488 1152 550 'sua
1190 502 1351 567 prata
1387 497 1631 566 juvenci,

287 585 356 637 Et
395 589 550 638 tutae
589 587 788 655 passim
827 587 1010 639 fontes
1051 591 1108 639 et
1146 585 1372 639 flumina
1412 587 1623 640 circum

286 674 602 727 Pascuntur
640 675 880 744 pecudes
921 680 978 728 et
1014 677 1266 745 gramina
1305 677 1456 729 laeta
1495 675 1767 744 capellae.

286 765 361 815 At
398 779 497 816 vos
536 763 737 816 blanda
763 765 918 833 quies
946 764 1220 834 viridique
1250 764 1349 818 sub
1378 764 1582 817 arbore
1610 781 1832 817 somnus

286 851 509 904 Detinet
547 852 615 905 ad
653 852 896 922 placidas
935 853 1100 906 vicini
1139 852 1380 906 fluminis
1418 853 1608 916 undas,

286 940 438 994 Alite
477 941 583 1006 sub„
617 942 795 1004 nivea,
834 958 1031 1010 magno
1074 958 1214 1010 quae
1256 942 1375 994 sola
1412 942 1630 994 tonanti

287 1029 531 1099 Fertque
552 1030 841 1098 refertque
861 1030 1014 1083 faces
1036 1034 1093 1082 et
1114 1029 1336 1083 turbida
1357 1031 1589 1082 fulmina
1609 1033 1814 1099 portat.

287 1119 438 1171 Tunc
475 1119 610 1171 deus
648 1120 918 1172 herculeo
958 1123 1178 1172 tutatur
1216 1120 1436 1173 nomine
1477 1136 1698 1189 campos

287 1208 404 1261 Nec
442 1208 622 1260 tristis
662 1209 810 1260 acies
850 1225 952 1262 nec
990 1209 1208 1278 proelia
1247 1208 1386 1262 dura
1424 1209 1710 1261 timentur.

139 1296 271 1350 COR.
313 1297 435 1350 Non
475 1297 612 1350 alias
652 1297 857 1350 virides
896 1297 1096 1367 majori
1134 1298 1380 1368 pondere
1421 1315 1604 1350 ramos

289 1386 530 1439 Grandia
571 1387 866 1456 suppositis
909 1391 1206 1440 traxerunt
1244 1404 1405 1457 poma
1446 1386 1746 1450 columnis3

287 1475 432 1528 Ante
471 1493 574 1529 nec
615 1480 711 1528 aut
750 1477 989 1546 pecudes
1028 1477 1227 1546 majori
1270 1476 1500 1530 candida
1539 1479 1705 1546 partu

287 1565 531 1634 Pignora
568 1565 939 1635 protulerant,
979 1566 1184 1619 totiens
1224 1583 1327 1619 nec
1353 1566 1506 1619 foeta
1534 1565 1766 1634 capella.

288 1655 549 1708 Herculis
589 1655 829 1708 adventu
868 1655 1140 1725 fugientia
1179 1656 1429 1725 gramina
1468 1672 1660 1724 campo

289 1743 618 1808 Crevernnt,
635 1744 885 1814 placidae
900 1744 1239 1814 placidisque
1256 1746 1311 1797 in
1325 1744 1603 1798 montibus
1618 1744 1864 1796 umbrae.

290 1833 382 1885 Illi
420 1838 584 1886 notus
625 1850 746 1903 egO,
785 1834 943 1886 nobis
986 1851 1085 1886 sua
1123 1851 1356 1887 munera
1394 1838 1521 1887 sunt
1560 1834 1724 1886 haec:

289 1922 527 1992 Tigridis
567 1924 820 1986 exuviae,
863 1923 1214 1992 cinctumque
1253 1923 1561 1976 virentibus
1606 1923 1737 1976 olim

290 2013 450 2065 Hunc
469 2012 693 2065 hederis
716 2012 990 2075 baculum,
1013 2029 1157 2065 nunc
1179 2030 1351 2066 aurea
1373 2017 1526 2066 serta
1546 2017 1850 2082 gerentem.

138 2104 255 2156 T1'r.
295 2103 496 2171 Magna
516 2101 684 2154 dedit:
705 2118 884 2170 neque
906 2102 1050 2154 enim
1071 2103 1212 2155 tanti
1233 2107 1289 2155 te
1306 2104 1550 2156 muneris
1566 2119 1804 2171 unquam

290 2193 676 2244 Immemorem
705 2209 825 2245 esse
855 2191 1039 2252 decet;
1068 2209 1176 2245 non
1200 2193 1244 2245 si
1264 2192 1364 2244 tibi
1386 2193 1552 2261 longa
1573 2193 1841 2244 darentur

289 2282 578 2350 Tempora,
619 2281 894 2333 continuis
935 2281 1110 2334 donec
1151 2282 1402 2334 solvatur
1442 2282 1509 2334 ab
1551 2282 1704 2334 annis

289 2370 525 2423 Mundus
565 2374 623 2422 et
662 2370 942 2423 aethereis
970 2374 1312 2423 renoventur
1339 2371 1564 2424 saecula
1590 2370 1838 2424 flammis,

141 2459 273 2514 COR.
314 2460 526 2529 Tityre,
566 2464 698 2511 tunc
726 2459 943 2511 madido
971 2459 1308 2512 frondebunt
1336 2477 1473 2513 cana
1498 2459 1779 2513 decembri

292 2549 450 2611 Lilia,
491 2551 624 2600 tunc
663 2548 860 2617 gelidis
900 2548 1117 2601 rorabit
1155 2549 1389 2602 nubibus
1429 2549 1628 2602 ardens

291 2638 503 2708 Syrius,
545 2641 602 2690 et
640 2637 783 2690 tardi
822 2637 1203 2707 properabunt
1242 2637 1493 2707 plaustra
1532 2640 1761 2702 Bootae,

294 2726 429 2781 Cum
469 2743 624 2779 meus
664 2726 760 2779 ille
801 2743 923 2779 meo
966 2726 1188 2780 labetur
1227 2731 1456 2797 pectore
1496 2728 1781 2796 Princeps,

140 2817 261 2869 Trr.
303 2816 358 2869 Si
398 2816 599 2885 placet,
641 2816 788 2867 hunc
829 2816 1002 2884 igitur
1043 2817 1257 2885 pariter
1297 2816 1665 2870 cantabimus:
1708 2817 1804 2869 ille

289 2906 380 2957 Me
421 2921 639 2973 quoque
680 2905 954 2957 consimili
990 2904 1248 2974 juvenem
1291 2905 1540 2959 devinxit
1578 2923 1787 2969 amore,

1922 853 1997 906 25

1925 1297 1997 1350 30

1924 1744 1998 1797 35

1927 2191 1999 2243 40

1927 2638 2000 2691 45

229 3110 286 3144 24.
313 3110 358 3143 V.
390 3110 629 3152 Vosquoque.
724 3109 779 3143 28.
807 3109 853 3142 V.
881 3111 928 3143 Ει
951 3110 1056 3144 deus.
1161 3110 1215 3144 29.
1244 3111 1290 3144 V.
1319 3111 1471 3144 timetis.
1575 3111 1638 3145 33.
1665 3118 1706 3144 V.
1732 3111 1996 3154 protulerunt.

139 3170 197 3204 34.
222 3170 269 3204 V.
298 3171 499 3211 surgentia
522 3170 720 3210 oramina.
836 3169 891 3203 35.
921 3169 968 3202 V.
987 3170 1158 3213 placi-dis
1181 3171 1236 3203 in.
1354 3170 1411 3204 36.
1439 3170 1485 3204 V.
1512 3170 1621 3204 nobis
1645 3174 1735 3203 sunt
1759 3179 1923 3205 munera
1948 3170 1998 3204 ab

139 3229 223 3263 illa.
309 3228 364 3261 37.
393 3228 440 3260 V.
465 3228 663 3261 emavium.
734 3228 790 3262 38.
816 3228 861 3261 V.
890 3229 972 3262 Hoc
997 3229 1175 3262 haederis
1202 3229 1518 3271 baculum,nuno
1541 3234 1697 3271 qestans
1722 3237 1846 3263 aurea
1873 3233 1981 3263 texta

140 3286 198 3320 39.
227 3286 270 3320 V.
297 3287 445 3328 Mayna
469 3286 586 3319 dedic:
610 3293 678 3319 nec
703 3286 801 3319 tanti
827 3286 1023 3327 Corydon,
1052 3291 1084 3319 te
1109 3286 1280 3320 muneris
1305 3295 1493 3329 unquam.
1609 3288 1664 3321 40.
1703 3288 1749 3320 V.
1785 3287 1998 3322 dabuntur.

140 3345 197 3380 41.
223 3346 271 3379 V.
297 3345 463 3380 Saecula
487 3345 665 3388 cornicis,
689 3345 834 3379 vivacis
859 3346 1015 3379 saecula
1040 3347 1154 3380 cervi.
1226 3346 1282 3380 42.
1310 3346 1445 3380 Manca
1470 3346 1508 3380 in
1533 3347 1578 3379 V.
1649 3348 1704 3381 45.
1731 3347 1775 3380 V.
1802 3348 1994 3381 claustra.

141 3402 196 3439 46.
227 3405 272 3439 V.
298 3405 422 3439 divus.
492 3406 547 3438 47.
575 3404 623 3438 V.
651 3405 694 3438 Si
717 3405 817 3447 libet,
843 3405 955 3439 ambo
975 3406 1130 3448 pariter
1154 3411 1352 3440 cantemus
1381 3410 1415 3440 ει
1439 3407 1516 3439 ille.
1601 3407 1655 3440 48.
1686 3408 1727 3440 C.
1753 3415 1838 3440 cum
1863 3408 1998 3442 simili.

143 3485 190 3492 —
212 3465 258 3499 V.
283 3465 474 3499 consimili
497 3472 606 3498 nexu
630 3464 866 3498 constrinxit
892 3465 1052 3498 amoris.
