2626 4204
1330 365 1630 414 —414—

700 462 956 515 Detineat
994 466 1167 525 vateS,
1207 478 1316 516 non
1355 478 1443 516 me
1479 461 1690 517 vocalis
1730 462 1905 518 Arion
2334 461 2408 518 20

702 550 956 604 Carmine
996 550 1289 604 mirantem
1330 550 1528 605 solitus
1568 550 1828 622 delphina
1864 567 2109 607 movere.

553 640 671 693 Trr.
713 639 873 692 Felix
914 640 1006 709 qui
1047 655 1179 693 cara
1219 640 1433 710 pariter
1473 640 1775 711 comitante
1813 639 2001 710 puella
2060 644 2067 647 ’

700 728 1000 782 Tartareas
1041 728 1199 782 sedes
1238 729 1493 798 nigrique
1533 728 1870 782 Acherontis
1909 729 1977 783 ad
2016 729 2230 803 undam·

703 817 962 870 Devenit:
1005 822 1225 887 optatos
1265 834 1374 872 non
1415 817 1571 871 illum
1610 834 1847 871 cernere
1888 818 2075 873 vultus

703 906 962 960 Infernae
1002 906 1300 977 prohibent
1339 907 1521 977 leges:
1562 923 1670 961 non
1710 907 1805 960 ille
1845 906 2041 961 dolore
2335 908 2410 963 25

701 997 942 1066 Angitur
981 996 1219 1060 assiduo,
1261 1013 1363 1050 nec
1401 1000 1639 1050 mortem
1678 995 1928 1066 perditus
1969 1000 2110 1052 orat.

700 1084 845 1147 Quid
865 1101 975 1139 non
995 1102 1118 1139 esse
1137 1085 1336 1139 velim?
1363 1084 1606 1155 pecudes
1623 1101 1723 1138 sua
1741 1086 1992 1155 gramina
2011 1088 2260 1156 pascunt;

700 1175 874 1228 Laeta
912 1175 1193 1245 saginatus
1229 1174 1384 1244 jacet
1423 1174 1492 1228 ad
1529 1175 1822 1245 praesepia
1859 1180 2072 1239 tauruS,

702 1263 905 1317 Libera
942 1281 1044 1334 per
1083 1280 1305 1335 campos
1345 1264 1606 1333 curisque
1649 1263 1833 1317 soluta
1870 1267 2108 1334 vagatur

703 1353 900 1417 Cerva,
922 1358 980 1407 et
1000 1369 1130 1406 aves
1150 1370 1385 1407 vacuum
1407 1352 1644 1407 volitant
1663 1369 1764 1423 per
1784 1353 1963 1417 inane,
1984 1352 2227 1406 marinos
2339 1351 2411 1407 30

704 1443 816 1495 Per
855 1441 1058 1496 fluctus
1096 1442 1299 1513 placidi
1340 1442 1537 1496 ludunt
1574 1459 1675 1512 per
1714 1441 1942 1495 flumina
1978 1442 2175 1512 pisces,

703 1533 779 1585 At
816 1549 903 1586 me
943 1531 1114 1586 durus
1154 1533 1345 1597 Amor,
1384 1531 1558 1585 rubro
1599 1549 1698 1586 seu
1736 1531 1931 1586 littore
1970 1519 2227 1585 Phoebus

705 1623 964 1687 Tollitur,
1004 1622 1277 1693 hesperiis
1314 1622 1458 1676 idem
1499 1639 1595 1675 seu
1635 1621 1894 1676 conditur
1934 1621 2065 1685 oris,

704 1713 896 1783 Urget,
938 1718 996 1766 et
1035 1714 1089 1765 in
1127 1716 1320 1766 nostro
1360 1711 1456 1764 fixi
1497 1716 1646 1766 stant
1683 1715 1914 1781 pectore
1952 1710 2158 1776 vultuS,

704 1803 774 1855 Et
812 1801 941 1856 flavi
981 1803 1182 1866 crines,
1223 1806 1281 1855 et
1320 1801 1551 1855 candida
1589 1801 1738 1855 colla
1776 1801 2014 1871 puellae.
2203 1863 2206 1866 Α
2339 1798 2412 1855 35

704 1892 866 1945 Illam
906 1908 1010 1962 ego
1050 1909 1152 1961 per
1192 1891 1376 1955 silvaS,
1418 1890 1569 1944 illam
1607 1907 1709 1960 per
1748 1907 1884 1943 saxa
1915 1890 2181 1959 nivesque

702 1982 949 2052 Aspicio:
992 1981 1063 2034 ah
1102 1982 1255 2051 puris
1296 1981 1550 2050 quotiens
1591 1978 1828 2034 offertur
1868 1980 1923 2032 in
1961 1978 2138 2043 undiS,

702 2071 981 2124 Montibus
1002 2071 1074 2124 ah
1095 2071 1350 2140 quotiens
1370 2069 1644 2139 viridique
1666 2068 1764 2123 sub
1783 2068 2001 2122 arboris
2019 2066 2241 2122 umbra!

554 2161 725 2215 LYNc.
765 2162 966 2230 Barge‚
1007 2159 1138 2230 quid
1174 2160 1368 2213 Aoniis
1406 2162 1661 2213 cantaret
1698 2157 1952 2211 blandius
1978 2156 2182 2218 antris¹

702 2250 970 2303 Dircaeus
1008 2249 1201 2303 vates?
1242 2249 1360 2302 acri
1400 2266 1499 2302 seu
1538 2251 1731 2318 captus
1772 2262 1963 2300 amore
2188 2295 2194 2300 .
2339 2244 2413 2299 40

702 2339 983 2393 Mulceret
1019 2343 1216 2393 tenues
1254 2338 1552 2392 modulatis
1589 2337 1843 2391 versibus
1883 2352 2066 2401 auraS,

706 2429 816 2483 Seu
854 2429 1042 2482 vulsas
1080 2445 1249 2499 rupes
1287 2431 1346 2481 et
1383 2427 1612 2498 grandia
1652 2426 1896 2480 carmine
1938 2442 2073 2479 saxa

707 2520 967 2582 Duceret,
1008 2535 1074 2572 ac
1111 2517 1368 2571 tremulis
1407 2521 1667 2571 montana
1705 2515 1994 2570 cacumina
2031 2513 2222 2568 silvis?

557 2610 736 2662 BARG.
778 2608 1039 2662 Miraris?
1077 2607 1368 2678 pulchram
1409 2607 1455 2660 si
1494 2622 1730 2660 cernere
1769 2605 1886 2658 fata
1925 2603 2205 2658 dedissent

669 2726 674 2730 ·
706 2699 861 2751 Hanc
882 2697 983 2751 tibi
1003 2697 1348 2768 Phyliroem,
1370 2695 1613 2749 fluerent
1631 2694 1733 2748 tibi
1753 2694 2016 2758 carmina,
2038 2693 2271 2764 Lynces,
2341 2689 2415 2745 45

706 2785 962 2856 Tigribus
1002 2789 1060 2839 et
1095 2785 1273 2839 torvis
1313 2784 1591 2855 lacrymas
1629 2787 1852 2837 motura
1888 2780 2115 2835 leaenis

556 2877 677 2930 TIT.
717 2875 860 2937 Quid
894 2875 1055 2944 juvat
1093 2875 1148 2928 in
1185 2875 1357 2927 terris
1394 2873 1583 2926 ablata
1621 2871 1827 2941 degere
1864 2871 1997 2935 vita,

706 2965 935 3034 Semper
973 2967 1032 3017 et
1071 2963 1303 3017 assiduis
1343 2978 1575 3033 superos
1614 2961 1826 3014 lassare
1865 2958 2147 3030 querelis?

706 3055 1006 3123 Postquam
1022 3053 1183 3107 dulce
1198 3052 1336 3106 nihil
1351 3055 1576 3122 sperant
1589 3067 1713 3104 mea
1727 3050 1952 3114 lumina,
1975 3052 2266 3119 postquam

706 3146 830 3197 Lux
867 3159 991 3196 mea
1029 3143 1154 3196 luce
1195 3146 1369 3206 caret,
1410 3141 1588 3195 fortes
1627 3140 1841 3210 agitare
1881 3139 2190 3210 palaestras
2233 3206 2238 3211 ,
2339 3134 2413 3189 50

647 3335 704 3370 24.
741 3335 787 3368 V.
812 3333 1043 3369 Descendec:
1080 3337 1228 3376 yratos.
1322 3332 1378 3366 33.
1405 3332 1450 3366 V.
1477 3340 1546 3366 seu
1567 3331 1682 3366 idem.
1727 3311 1734 3313 ⁴
1775 3330 1876 3365 44-5.
1913 3329 1961 3362 V.
1984 3336 2120 3363 manca
2148 3326 2172 3362 1·
2187 3325 2435 3365 indicatione,

560 3396 679 3430 Bane.
706 3412 725 3421 ·
749 3394 892 3428 Desine
912 3392 1058 3427 mirari
1079 3392 1286 3436 pulchram
1311 3392 1346 3425 si
1367 3390 1453 3432 fata
1477 3391 1679 3424 dedissem.
1708 3407 1726 3415 -
1751 3389 1963 3424 Philiroem
1987 3386 2200 3432 adspicere,
2216 3383 2413 3430 effluerem

562 3455 633 3490 tibi
654 3453 847 3497 carmina,
874 3453 1025 3495 Lynca.
1119 3451 1175 3486 49.
1201 3452 1240 3486 C.
1267 3454 1432 3494 sperem.
