2626 4204
1029 868 1112 915 IV.

713 1111 1187 1165 Vasz‘lz'comantz'a
1226 1113 1439 1181 incipit.

216 1278 426 1385 Mira
465 1350 676 1397 canam,
718 1351 858 1402 quae
899 1335 995 1386 vix
1035 1335 1189 1387 annis
1231 1335 1556 1388 abeuntibus
1598 1341 1751 1388 aetas

291 1422 561 1492 Ambiguo
602 1424 849 1476 meminit
887 1423 1099 1476 Phoebi
1135 1424 1247 1492 jam
1288 1424 1508 1494 prodita
1548 1429 1730 1478 cantu.

289 1513 389 1575 Tu,
429 1513 558 1577 Dea,
599 1513 688 1565 cui
730 1513 872 1565 caeli
913 1529 1109 1565 cursus
1150 1513 1238 1565 cui
1280 1513 1463 1566 sidera
1503 1514 1675 1577 cordi,

290 1600 389 1655 Cui
428 1606 666 1654 ventura
702 1605 894 1671 patent
933 1607 990 1653 et
1031 1602 1348 1655 inevitabile
1388 1602 1580 1664 fatum,

290 1691 512 1753 Uranie,
552 1707 766 1743 mecum
808 1690 974 1742 silvas
1014 1689 1268 1743 habitare
1311 1707 1575 1760 casasque
1962 1692 1998 1744 5

288 1779 370 1831 Ne
409 1779 642 1849 pudeat,
683 1778 813 1847 quid
840 1779 982 1832 non?
1015 1779 1254 1848 pecudes
1275 1779 1610 1849 Amphrysia
1637 1781 1844 1833 circum

286 1868 538 1921 Flumina
578 1868 855 1921 formosus
891 1867 1213 1936 jamdudum
1253 1869 1405 1938 pavit
1443 1869 1664 1938 Apollo.

210 1959 509 2028 Hesperias
546 1958 763 2028 placido
804 1958 1066 2010 lustravit
1111 1958 1317 2010 lumine
1356 1963 1550 2026 gentes

287 2049 541 2118 Juppiter
582 2053 639 2101 et
678 2048 910 2118 populos
950 2047 1170 2100 tandem
1210 2048 1508 2101 miseratus
1548 2048 1614 2100 ab
1655 2048 1770 2100 alto

283 2138 562 2207 Prospicit
601 2137 899 2199 Ausonios3
941 2140 1132 2189 terrae
1173 2137 1456 2190 laetantur
1497 2141 1553 2189 et
1590 2142 1818 2205 aequor,
1928 2138 1995 2189 10

283 2227 509 2280 Florida
547 2227 803 2296 perpetui
844 2229 1186 2295 consurgunt
1223 2227 1473 2295 gramina
1511 2226 1677 2289 veri&

283 2317 443 2369 Nunc
471 2316 680 2385 spirant
705 2315 962 2384 Zephyri,
1000 2315 1171 2383 pulsis
1199 2314 1580 2383 Aquilonibus,
1611 2318 1668 2366 et
1701 2330 1846 2366 nunc

286 2404 528 2458 Candida
565 2404 796 2457 formosi
835 2407 1142 2473 posuerunt
1180 2404 1423 2472 tegmina
1461 2407 1693 2456 montes,

282 2494 581 2548 Exsultant
620 2493 829 2546 hilares
870 2509 971 2562 per
1011 2491 1236 2545 fiumina
1275 2493 1425 2545 laeta
1464 2493 1737 2562 Napaeae,

223 2585 225 2587 ’
282 2584 563 2652 Grataque
603 2583 940 2651 tergeminas
983 2583 1283 2635 comitatur
1310 2582 1564 2652 Nympha
1593 2597 1838 2644 sorores;
1923 2582 1990 2635 15

281 2674 386 2726 Hic
424 2674 610 2726 varios
650 2673 799 2724 inter
837 2670 1007 2724 flores
1048 2671 1277 2740 serpilla
1316 2687 1583 2740 rosasque

282 2762 571 2831 Indulgent
610 2761 831 2814 choreis
872 2764 930 2813 et
968 2760 1154 2813 dulcia
1194 2761 1439 2812 carmina
1479 2760 1693 2813 ludunt.

206 2854 358 2905 Haec
387 2852 625 2921 primum
654 2850 933 2919 incipient,
955 2849 1036 2902 bis
1065 2852 1275 2918 septem
1297 2850 1520 2903 saecula
1541 2854 1829 2919 postquam

283 2940 645 3002 Transierint,
662 2938 1043 3007 decimumque
1059 2937 1248 2990 eadem
1265 2941 1390 3007 post
1404 2938 1876 2991 saeculalustrum

269 3030 400 3109 ‘Quo
431 3030 576 3082 Deus
606 3028 950 3097 omnipotens
977 3027 1212 3080 hominis
1235 3026 1332 3079 sub
1356 3027 1591 3096 imagine
1613 3031 1797 3079 terras
1916 3027 1987 3079 20

279 3119 453 3171 Diluit
491 3122 549 3171 et
586 3119 839 3169 veterum
879 3133 1054 3169 noxas
1094 3115 1226 3168 tulit
1264 3115 1388 3168 inde
1431 3116 1721 3168 malorum.

280 3209 433 3261 Tunc
474 3208 677 3260 iterum
717 3222 919 3269 moreS‚
958 3209 1295 3273 terrenaque
1338 3221 1578 3274 corpora
1617 3206 1785 3257 menti

216 3385 281 3419 IV.
304 3385 440 3419 Manca
464 3384 501 3417 in
527 3383 573 3415 V.
665 3382 699 3415 6.
727 3382 765 3416 C.
786 3381 1041 3424 amphryszoa.
1071 3397 1089 3404 -
1114 3380 1158 3413 Ε.
1186 3380 1386 3414 laetentur.
1502 3380 1554 3413 18.
1595 3381 1634 3414 C.
1662 3381 1757 3413 Hae.
1858 3379 1899 3411 19
1943 3379 1987 3412 Ε.

132 3450 220 3480 nota
243 3446 279 3479 in
305 3443 473 3488 margine
499 3457 518 3475 «
543 3442 714 3476 Mccch.
741 3454 759 3472 »
1062 3447 1066 3451 ⁴
