2626 4204
1411 387 1473 397 —
1511 362 1610 408 448
1647 387 1710 398 -

780 476 807 503 »
851 456 1114 521 Nascere,
1155 457 1449 526 purpureis
1489 457 1716 528 plaudet
1752 459 1852 513 tibi
1892 461 2147 532 Juppiter
2184 463 2305 528 aliS‚

777 565 804 591 »
851 545 921 597 Et
959 543 1111 598 dabit
1149 545 1400 615 ingentes
1438 562 1612 617 regno
1653 548 2027 618 superaddere
2063 556 2249 623 terras
2405 552 2485 609 55
2530 607 2531 610 ,
2572 558 2589 606 ⁴.

776 655 801 680 »
852 634 1109 703 Antiquo.
1149 633 1341 704 Neque
1382 635 1526 689 enim
1567 636 1790 691 sinuoso
1829 635 2053 693 flumine
2081 627 2274 696 ‘cincta

850 724 1000 776 Arva
1039 722 1194 787 Padi,
1235 740 1338 778 nec
1375 728 1434 778 te
1473 725 1648 779 niveis
1686 730 1951 781 concreta
1989 729 2201 798 pruinis

848 812 1149 866 Ardentem
1190 812 1359 883 gelidi
1399 814 1620 884 capient
1658 814 1881 869 dumeta
1921 816 2135 883 Lonati,

846 901 963 955 Nec
1003 903 1171 955 Latus
1212 902 1452 957 Adriaco
1480 902 1756 974 pulsatum
1784 905 2023 971 turbine,
2064 923 2166 962 nec
2193 923 2303 978 qua

846 1080 1035 1134 Gaude
1074 1081 1247 1150 igitur
1286 1080 1426 1134 felix
1462 1085 1676 1135 tantum
1703 1084 1962 1153 geniture
1988 1089 2262 1156 nepotem,

847 1170 1059 1234 Alcide,
1101 1175 1430 1240 raptumque
1469 1173 1582 1224 suis
1621 1173 1865 1227 concede
1904 1174 2142 1244 Napaeis
2179 1232 2182 1236 ,

846 1258 1083 1312 Tandem
1101 1275 1266 1312 sanus
1280 1259 1499 1329 Hylam.
1515 1259 1656 1322 Quid
1671 1259 1863 1315 flentia
1878 1262 2083 1317 lumina
2096 1267 2344 1336 torqueS,

845 1348 1084 1418 Altaque
1124 1349 1314 1402 laxato
1355 1349 1593 1419 suspiria
1629 1354 1860 1420 pectore
1901 1352 2093 1408 ducis?

752 743 802 1576 vicvvv'vvvxv

844 1527 1096 1582 Concidit
1134 1529 1311 1598 argivi
1349 1529 1672 1598 populatrix
1710 1530 1899 1585 bellua
1937 1531 2149 1588 saltus?

844 1617 1013 1687 Cujus
1052 1618 1372 1688 terrigenae
1410 1618 1625 1672 vultum
1664 1625 1949 1676 tremuere
1988 1623 2256 1693 gigantes,

843 1709 1198 1777 Antaeusque
1241 1708 1445 1780 Libys?
1484 1709 1643 1762 Nunc
1683 1711 1728 1764 si
1767 1714 1824 1764 te
1864 1712 2135 1782 Monycus
2173 1704 2318 1768 alta>

841 1798 999 1866 Rupe
1035 1797 1228 1866 jacens
1266 1797 1491 1852 flentem
1531 1799 1734 1864 videat,
1776 1804 1834 1853 et
1861 1802 1906 1854 si
1931 1801 2186 1856 turbidus
2209 1803 2296 1857 ira

772 1640 799 1666 ἒξ

773 1730 799 1756 »5

772 1819 798 1844 ff

767 1908 793 1935 »
843 1887 1090 1956 Hylaeus
1116 1886 1299 1940 fracta
1326 1889 1418 1958 qui
1445 1888 1758 1943 horrendus
1786 1889 1853 1943 ab
1894 1889 2021 1944 ilice
2048 1891 2319 1958 RoethuS‚
2401 1892 2477 1948 70

766 1997 793 2024 »
840 1976 1012 2037 Quam
1053 1977 1256 2046 pudeat
1295 1978 1497 2031 victos!
1540 1978 1794 2033 muliebri
1841 1980 2095 2034 insistere
2137 1981 2294 2036 luctu

767 2088 792 2113 »
842 2066 923 2119 Sit
961 2066 1141 2135 pudor
1181 2071 1238 2120 et
1275 2071 1473 2121 tenero
1513 2071 1728 2122 tantum
1776 2070 2007 2124 cessisse
2046 2070 2246 2125 dolori.
2289 2093 2319 2123 »

843 2155 1096 2224 Orpheus
1111 2156 1251 2208 haec
1266 2156 1421 2210 olim:
1439 2157 1532 2211 sed
1547 2175 1692 2212 nunc
1713 2159 1847 2211 mihi
1861 2160 2108 2214 carmine
2122 2177 2258 2215 vero

768 2243 1081 2298 Cantandus
1119 2246 1325 2299 venies.
1367 2247 1632 2316 Linquam
1672 2247 1918 2318 virgulta
1957 2249 2164 2319 Lycaei

766 2335 835 2386 Et
855 2350 1046 2387 nemus
1067 2339 1126 2387 et
1145 2334 1401 2404 pecudeS,
1422 2341 1590 2406 teque
1611 2337 1841 2391 horrida
1854 2337 2003 2391 bella
2016 2342 2304 2408 gerentem
2397 2340 2474 2396 75

766 2424 970 2477 Dicam.
1012 2424 1120 2478 Seu
1159 2440 1334 2493 puero
1376 2426 1607 2495 propior
1646 2430 1870 2480 certare
1910 2427 2098 2481 duello

764 2514 948 2566 Ausus
986 2530 1044 2566 es
1085 2514 1327 2583 ancipiti,
1368 2530 1494 2568 cum
1533 2519 1591 2568 te
1630 2515 1944 2570 Pandonius
1983 2517 2154 2571 heros

763 2602 987 2656 Robore
1028 2602 1264 2656 confisus
1304 2606 1628 2673 praestanti,
1668 2610 1726 2658 et
1763 2606 2003 2659 fortibus
2042 2607 2215 2672 annis,

764 2693 948 2762 Liquit
988 2697 1045 2746 et
1084 2693 1332 2763 impulsis
1373 2696 1655 2748 convertit
1692 2700 1855 2766 terga
1893 2696 2098 2766 lupatis

763 2781 1127 2852 Cornipedem
1156 2783 1370 2837 crebris
1410 2784 1666 2854 pavidum
1705 2785 2017 2839 calcaribus
2056 2803 2278 2857 urgens.
2394 2786 2468 2842 80
2538 2801 2560 2865 ss·

762 2871 869 2924 Seu
890 2888 1015 2925 cum
1037 2872 1198 2925 ludus
1219 2877 1344 2926 erat
1363 2873 1621 2927 iuvenum
1642 2890 1980 2944 percurrere
2009 2876 2064 2928 in
2089 2875 2264 2930 hastis

762 2962 1048 3030 Ingentem
1088 2967 1151 3015 ut
1187 2963 1388 3016 tuleris
1428 2963 1636 3033 ingenti
1675 2963 1881 3018 robore
1920 2981 2151 3030 remum,

759 3050 984 3104 Tollere
1006 3051 1172 3104 humo
1197 3068 1358 3120 quem
1379 3052 1476 3105 vix
1496 3057 1756 3122 poterant
1777 3053 1996 3124 impune
2008 3057 2309 3124 gementes;

698 3255 754 3290 54.
782 3255 828 3288 V.
854 3256 1038 3296 Nascere,
1063 3264 1231 3299 namque
1255 3257 1322 3290 tibi
1332 3257 1496 3300 plaudet
1518 3259 1628 3292 Jovis
1652 3258 1826 3300 armiger
1850 3259 1940 3293 alis.
2030 3259 2154 3293 55-56.
2179 3258 2225 3293 V.
2255 3263 2396 3294 terrae:
2418 3277 2464 3287 —

609 3317 697 3351 Non
721 3317 862 3349 etenim
896 3315 1052 3358 antiqui
1073 3317 1306 3360 serepicami.
1420 3318 1476 3352 59.
1503 3317 1541 3351 C.
1579 3318 1794 3352 Hadriaco.
1865 3318 1923 3352 61.
1956 3319 1995 3353 C.
2030 3318 2154 3362 initur
2176 3322 2325 3353 cantum
2346 3317 2458 3360 selim.
2514 3316 2535 3350 ,³¹

607 3374 724 3409 68-71.
751 3375 792 3409 In
815 3374 862 3407 V.
886 3384 976 3409 sono
998 3374 1072 3410 fusi
1096 3375 1134 3410 in
1159 3385 1207 3410 un
1232 3376 1283 3410 sol
1311 3386 1433 3411 verso:
1464 3379 1714 3420 Antaeusque
1747 3377 1891 3420 Libyst
1923 3377 2105 3412 muliebri
2134 3377 2310 3412 insistere
2341 3378 2447 3414 luem
2508 3383 2526 3431 '2'-

609 3435 675 3469 78.
699 3435 738 3469 C.
760 3437 943 3478 patranti
966 3435 1058 3479 (sic).

847 990 1071 1061 Frigida
1109 1007 1337 1045 saxosas
1375 993 1703 1063 perstringit
1741 994 1936 1048 Lentia
1974 996 2139 1066 ripas.
2402 998 2481 1055 60
2542 1010 2545 1014 ⁴
2580 1011 2583 1014 ’

842 1439 994 1492 Tune
1020 1439 1134 1503 ille,
1163 1439 1427 1492 immenso
1456 1438 1616 1509 cujus
1643 1440 1740 1494 sub
1769 1441 1973 1496 robore
2001 1444 2274 1514 quondam
2399 1446 2481 1503 65

2520 3248 2547 3283 '2
