2626 4204
1377 290 1678 341 ...338-

633 400 797 464 quello
831 402 923 451 ohe
957 401 1072 465 egli,
1106 415 1197 465 per
1232 415 1330 451 una
1364 400 1470 451 sola
1503 401 1642 462 flata,
1675 409 1703 453 ὸ
1738 417 1829 468 per
1874 403 2200 455 domandarli.
2251 403 2318 455 Et
2363 403 2418 474 iu

632 487 826 548 questo,
861 483 1025 546 quello
1060 483 1152 532 ohe
1187 483 1330 532 vince
1364 484 1607 534 comanda
1646 485 1809 549 quello
1844 486 1936 536 che
1970 485 2007 536 li
2052 501 2174 552 pare
2206 501 2238 537 a
2282 485 2417 539 colui

629 565 723 614 ohe
770 565 937 629 perde,
989 563 1369 628 astrengendolo
1415 567 1546 614 sotto
1594 565 1630 615 il
1677 565 1763 631 gia
1806 567 1940 618 dicto
1987 570 2299 620 sacramento
2349 567 2415 619 ad

632 645 868 698 obedirlo.
2008 695 2027 717 „-

764 726 952 788 Nasce,
986 726 1116 777 oltre
1151 727 1347 792 questi,
1384 742 1450 776 un
1495 733 1675 792 quarto
1720 729 1889 793 ginno,
1933 730 2014 781 nel
2058 731 2205 796 quale
2249 731 2416 784 coloro

631 809 724 858 che
756 809 923 859 hanno
956 824 1018 859 ne
1052 808 1100 858 le
1134 811 1288 868 carte,
1323 809 1414 859 ohe
1447 809 1517 873 gli
1553 825 1672 859 sono
1708 810 1759 859 in
1795 825 1958 872 mano,
1993 812 2080 877 piu
2100 814 2299 865 temtti
2321 813 2415 865 ohe

629 891 672 941 si
706 892 966 955 seguitano
987 933 999 953 ‚
1035 890 1218 955 quelli,
1265 890 1406 951 dice,
1454 891 1678 941 vin00n0.
1725 892 1791 942 Et
1823 892 1876 941 in
1909 893 2100 957 premio
2144 909 2306 960 ponno
2348 895 2419 946 di·

629 974 870 1023 mandare
905 974 956 1022 in
991 973 1119 1022 dono
1153 976 1293 1023 tuoto
1329 972 1491 1037 quello
1526 974 1618 1022 che
1652 989 1682 1023 a
1715 973 1822 1024 loro
1857 989 1978 1038 pare
2012 974 2074 1025 de
2106 974 2300 1029 lenone
2321 978 2416 1029 ohe

630 1071 750 1107 sono
785 1056 982 1106 intorno
1018 1071 1048 1105 a
1084 1056 1132 1105 la
1169 1070 1380 1120 persona
1415 1056 1493 1105 del
1529 1057 1680 1109 victe.

764 1139 935 1194 Questi
980 1154 1099 1189 sono
1150 1138 1185 1187 li
1233 1142 1412 1203 quatro
1459 1139 1624 1203 gioehi
1670 1140 1762 1189 che
1806 1155 1897 1204 per
1942 1155 2047 1202 ora,
2093 1154 2208 1192 oum
2253 1143 2418 1208 quenti

630 1221 749 1270 novi
794 1220 1017 1281 Trionfi,
1053 1221 1095 1271 si
1131 1220 1352 1284 sogliano
1401 1220 1536 1271 fare:
1583 1236 1696 1271 cum
1743 1221 1779 1271 li
1825 1221 1962 1286 quali
2008 1222 2152 1273 molti
2199 1223 2318 1277 altri
2362 1239 2417 1276 00

629 1302 840 1363 fariam,
875 1318 903 1352 e
937 1302 1082 1361 tanti,
1117 1302 1291 1366 quanti
1323 1318 1415 1352 con
1450 1303 1486 1352 il
1521 1318 1782 1353 commune
1817 1299 1870 1356 di
1903 1304 2138 1354 continuo
2171 1319 2226 1356 se
2249 1303 2319 1358 fa.
2339 1305 2416 1358 ‘Do

627 1384 665 1433 li
699 1384 834 1449 quali
870 1385 1060 1434 avendo
1097 1385 1413 1448 longamente
1447 1389 1699 1446 rasonam,
1734 1400 1824 1449 per
1860 1402 1956 1435 non
2005 1386 2286 1439 affatim-vi
2325 1388 2415 1454 piu

629 1467 773 1527 oltro,
809 1466 917 1517 faro
952 1466 1065 1516 fine.
