2626 4204
938 399 999 408 —
1036 373 1133 421 459
1173 400 1263 425 -.

271 469 477 521 Doctus
517 486 717 537 equum
756 470 907 522 tritis
947 471 1293 523 mandentem
1334 471 1496 523 frena
1536 471 1738 540 lupatis

422 557 690 611 Castorea
729 559 929 611 melior
969 560 1276 612 sollicitare
1316 577 1496 613 manu.

272 647 449 699 Lusus
491 650 614 699 erat
653 647 864 700 celsum
906 649 1051 700 saltu
1092 665 1433 718 consurgere
1475 649 1528 700 in
1572 665 1756 701 ensem

418 736 489 787 Et
528 736 771 789 celerem
810 736 1027 789 volucri
1068 753 1306 806 corpore
1346 737 1500 789 ferre
1540 737 1742 806 fugam.
1903 737 1974 789 80

271 825 374 877 Ast
410 823 503 876 ubi
543 823 855 878 floruerant
891 829 1088 878 tenera
1128 826 1386 894 lanugine
1425 826 1604 878 malae

422 916 729 984 Junctaque
769 919 860 968 ter
899 915 1078 968 lustro
1114 917 1286 968 tertia
1324 917 1516 968 messis
1556 920 1696 979 erat,

274 1003 561 1074 Caestiger
588 990 727 1057 *hinc
768 1005 930 1066 ludus
970 1022 1110 1074 quae
1150 1005 1299 1058 bello
1340 1006 1594 1074 proxima
1632 1006 1828 1069 virtUS‚

419 1095 490 1146 Et
529 1094 664 1148 dare
705 1098 762 1146 et
800 1095 1072 1147 assuescis
1111 1094 1351 1148 verbera
1389 1095 1530 1147 dura
1568 1095 1698 1163 pati.

272 1183 450 1235 Testis
489 1183 862 1252 Parthenope,
902 1184 1062 1236 testis
1100 1183 1225 1236 fera
1262 1184 1429 1237 turba
1469 1183 1811 1238 Sicambrum
1908 1183 1980 1237 85

420 1272 490 1324 Et
529 1272 745 1325 celeres
785 1272 1054 1325 Numidae
1095 1272 1473 1342 Celtiberique
1514 1273 1707 1337 duces;

270 1362 449 1414 Testis
488 1365 547 1414 et
584 1362 867 1431 Alphonso
910 1363 1161 1415 Morinus
1202 1364 1295 1432 qui
1335 1363 1584 1416 subditus
1624 1364 1742 1416 acri

419 1452 491 1503 Et
528 1452 758 1503 Maurus
798 1452 958 1520 nigro
1001 1452 1267 1505 concolor
1306 1452 1586 1522 Aethiopi,

269 1543 345 1595 Te
385 1541 524 1594 nihil
565 1541 619 1593 in
659 1542 830 1594 terris
870 1543 1243 1611 praestantius
1284 1544 1402 1595 ulla
1439 1543 1637 1595 tulisse

419 1630 654 1684 Saecula
681 1647 821 1699 quae
849 1632 1077 1694 fuerint,
1108 1649 1359 1701 quaeque
1387 1632 1579 1684 futura
1606 1632 1809 1684 forent.
1902 1633 1975 1685 90

270 1720 497 1772 Florida
537 1721 582 1772 si
621 1721 841 1789 placeat
880 1722 1185 1789 praestanti
1227 1738 1464 1791 corpore
1505 1722 1702 1785 forma,

259 1875 261 1877 ι
417 1810 667 1863 Naturae
706 1811 849 1862 hanc
889 1810 1044 1863 donis
1084 1827 1453 1864 annumerare
1494 1811 1670 1865 decet.

270 1898 540 1967 Egregius
578 1898 760 1951 forma
801 1899 963 1968 longe
1004 1899 1237 1952 cedebat
1276 1901 1456 1963 Iason,

418 1987 661 2040 Cedebat
702 1989 864 2057 longe
905 1989 1197 2058 pulchrior
1235 1990 1587 2059 Hippolytus.

270 2076 547 2130 Sensimus
588 2076 833 2129 ardentis
873 2078 1101 2130 iuvenili
1142 2082 1325 2131 aetate
1365 2079 1587 2147 vigores
1652 2143 1654 2145 ,
1907 2079 1979 2132 95

419 2166 490 2218 Et
528 2166 707 2218 virtus
748 2167 912 2218 animi
953 2184 1115 2236 quam
1155 2168 1263 2219 fuit
1302 2169 1483 2237 ampla
1521 2169 1621 2221 tui.

196 2326 205 2332 ἱ
267 2255 528 2308 Threicio
569 2259 793 2325 poteras
833 2257 1034 2308 melior
1074 2257 1412 2310 contendere
1453 2259 1622 2310 Marti
1727 2311 1730 2314 Α

419 2345 490 2397 Et
527 2344 651 2397 fera
689 2346 993 2398 Thessalici
1033 2347 1295 2415 frangere
1334 2347 1448 2399 tela
1489 2347 1664 2409 ducis3

270 2435 392 2487 Non
432 2435 620 2503 ignota
661 2435 876 2503 loquor,
920 2436 1133 2489 iuvenis
1173 2436 1455 2489 Pandonia
1495 2437 1683 2506 proles

418 2523 686 2576 Praebuit
723 2525 990 2577 Herculei
1030 2526 1274 2594 pectoris
1315 2526 1600 2588 indicium3
1869 2525 1974 2578 100

271 2611 405 2665 Cum
428 2613 663 2682 rigidum
688 2618 886 2666 contra
906 2615 1160 2667 iuvenem
1182 2615 1520 2668 contendere
1544 2633 1601 2668 es
1618 2632 1800 2679 ausuS‚

418 2703 502 2754 Ex
542 2719 648 2771 quo
691 2707 818 2755 sunt
856 2704 973 2773 ipso
1014 2704 1250 2757 vulnera
1288 2705 1524 2774 pulchra
1565 2705 1689 2757 loco

270 2969 452 3038 Terga
491 2969 642 3022 dedit
682 2972 829 3023 acies
870 2973 1154 3024 contraria
1194 2972 1368 3025 frenis
1406 2974 1584 3025 versis
1870 2971 1976 3024 105

420 3059 490 3111 Et
528 3076 719 3129 campo
759 3065 952 3130 turpes
993 3061 1192 3114 cedere
1235 3062 1393 3114 iussit
1433 3079 1620 3131 equos.

283 3443 333 3488 (1)
358 3443 423 3478 Nel
447 3453 515 3478 ms.
541 3443 721 3487 originale
746 3443 784 3476 vi
807 3444 827 3476 ὲ
851 3443 886 3476 10
913 3444 1037 3488 spazio
1061 3443 1193 3478 bianco
1217 3455 1278 3488 per
1302 3455 1354 3479 un
1377 3445 1517 3480 distico.
