2626 4204
984 394 1282 442 —475—

470 488 560 542 Sic
598 487 823 559 dyamas
863 505 1000 542 auro
1040 489 1255 543 lucidus
1293 486 1465 560 usque
1507 491 1664 544 nitet.

319 576 424 630 Sed
464 594 563 630 sua
599 578 835 647 veligeri
871 578 984 647 jam
1024 584 1224 633 nautae
1263 581 1389 633 vela
1426 580 1752 650 gubernant,
1947 581 2018 633 15

467 667 538 719 Et
576 667 808 720 tendunt
847 667 1056 721 tumido
1097 669 1328 722 carbasa
1366 673 1487 723 tota
1526 673 1676 722 not0.

321 756 440 808 Jam
479 761 783 826 properant
820 757 1023 826 trepidi
1063 760 1268 811 nostris
1308 758 1594 811 discedere
1633 759 1823 820 muriS,

469 847 588 898 Jam
627 845 770 915 fugit
809 850 866 898 et
905 846 1075 899 celeri
1114 848 1280 900 turba
1317 850 1583 917 proterva
1621 847 1775 916 pede.

320 935 395 987 At
419 939 612 988 noster
638 935 863 1005 dyamas
890 951 1034 987 nunc
1060 936 1244 988 victor
1271 937 1326 988 in
1352 936 1491 989 urbe
1518 936 1840 1005 triumphat,

465 1024 598 1077 Nec
616 1023 731 1093 jam
768 1023 1065 1093 veligerOS,
1106 1040 1209 1077 nec
1250 1041 1349 1078 sua
1387 1025 1515 1078 vela
1552 1025 1729 1077 timet.
1951 1025 2024 1078 20

317 1113 393 1164 Te
407 1128 627 1182 precor,
643 1113 868 1175 Auster,
885 1129 1098 1181 aquam,
1114 1113 1335 1182 rapidas
1354 1112 1578 1166 infunde
1593 1113 1889 1183 procellaS,

466 1201 718 1270 Velaque
758 1201 1008 1254 nefandis
1048 1202 1294 1272 syrtibus
1334 1203 1451 1272 ipsa
1489 1202 1704 1257 cadant.

319 1291 433 1344 Aut
466 1290 579 1361 jam
606 1291 733 1343 vela
771 1291 911 1343 mari
950 1292 1190 1360 scopulis
1230 1282 1515 1345 submersa
1551 1292 1838 1361 profundis

466 1380 746 1433 Extremis
786 1381 968 1434 iaceat
1004 1385 1202 1434 ventus
1242 1386 1300 1434 et
1338 1381 1484 1434 unda
1525 1381 1679 1435 locis

1070 1635 1194 1687 VII.

317 1813 526 1865 Ferrea
564 1829 672 1866 non
711 1813 892 1882 potuit
930 1812 1273 1866 adamantem
1313 1813 1566 1866 machina
1605 1814 1827 1883 plumbo

468 1901 710 1955 Vincere
750 1901 878 1954 dum
917 1906 1075 1955 vasto
1116 1903 1398 1971 sulphuris
1438 1903 1562 1972 igne
1598 1903 1753 1972 jacit.

320 1991 395 2044 At
431 1990 678 2054 modiciS,
718 1991 927 2044 Boreas
967 1991 1094 2044 dum
1135 1992 1325 2061 spirat,
1353 1992 1479 2045 vela
1517 1993 1780 2062 procellis

470 2078 823 2144 Scinduntur‚
863 2081 1056 2150 puppis
1097 2081 1289 2134 littore
1328 2081 1473 2134 nuda
1508 2081 1676 2150 jacet.

324 2169 414 2222 Sic
453 2169 698 2238 trepidat
735 2173 978 2222 maestus
1018 2187 1161 2223 nunc
1210 2171 1353 2223 salsa
1392 2170 1693 2240 naufragus
1732 2171 1876 2224 unda
1989 2174 2025 2225 5

470 2259 702 2327 Veliger
742 2262 800 2312 et
836 2259 1026 2312 timido
1068 2264 1298 2330 pectore
1325 2260 1451 2312 vela
1489 2261 1651 2330 rapit.

1061 2511 1215 2563 VIII.

320 2687 460 2748 Quid
495 2687 655 2757 juvat
693 2687 833 2741 haec
872 2689 1071 2758 garula
1109 2688 1448 2742 contendere
1488 2706 1626 2743 voce
1651 2691 1871 2760 profani

421 2825 425 2827 s
467 2777 736 2847 Veligeri,
776 2782 834 2830 et
871 2779 1086 2831 cunctis
1126 2778 1313 2832 dicere
1352 2780 1475 2832 vela
1513 2780 1666 2844 viriS,

317 2864 452 2919 Cum
465 2866 714 2920 tribuant
725 2883 933 2937 regem,
949 2867 1352 2938 dyamantaque
1367 2869 1589 2922 numina
1604 2870 1861 2934 clament,

468 2954 603 3009 Cum
618 2955 896 3008 dominum
912 2957 1165 3010 Alcidem
1185 2957 1418 3010 mundus
1441 2962 1499 3010 et
1518 2962 1672 3011 astra
1691 2960 1902 3012 velint?

333 3279 394 3314 VI.
419 3279 478 3314 20.
502 3281 514 3313 Ι
538 3279 610 3314 due
632 3279 750 3315 codici
771 3280 977 3315 Ferraresi:
1006 3285 1042 3314 ee
1063 3289 1149 3315 sua.
1242 3281 1298 3315 21.
1324 3283 1337 3315 1
1361 3281 1431 3317 due
1455 3282 1664 3318 Fert-aresi:
1690 3284 1845 3327 rapidis
1869 3284 2030 3326 infunde

239 3339 425 3382 procellis
445 3338 539 3384 (sic).
631 3338 688 3373 22.
716 3339 731 3373 1
754 3339 826 3374 due
849 3340 1056 3374 Feri-aresi:
1083 3340 1231 3374 cedant.
1325 3340 1380 3375 24.
1407 3342 1422 3375 1
1445 3342 1516 3377 due
1538 3343 1741 3377 Fen-aresi:
1768 3343 1890 3377 iactet.

336 3400 410 3434 Vn.
434 3400 461 3434 11
487 3399 611 3434 codice
636 3399 793 3435 Estense
816 3400 885 3434 ha:
908 3401 1126 3444 plumbum.

335 3459 429 3493 vm.
458 3459 491 3493 3.
516 3459 532 3492 1
560 3459 631 3494 due
654 3459 767 3494 codici
792 3460 997 3494 Fert-aresi:
1026 3461 1143 3494 trivia
1167 3461 1343 3495 clamem.
