2626 4204
0 3710 18 4204 mma-rvwm
0 3600 7 3695 ,μμ-Ἣ
0 3525 3 3572 ,,,,Α

890 382 950 392 -
990 358 1088 404 449
1124 383 1186 392 -

261 451 418 506 Vidit
454 453 825 522 Parthenope,
866 454 1053 523 populi
1091 454 1299 517 videre,
1341 454 1638 523 ducesque,

262 541 442 594 Notus
481 545 539 594 et
576 542 857 595 Herculeo
898 546 1157 595 servatur
1195 543 1413 596 nomine
1454 559 1671 613 remus:
1897 544 1986 598 85-

261 630 462 699 Magna
475 629 693 699 quidem
709 635 836 683 sunt
849 631 1004 695 haee,
1021 631 1117 684 sed
1132 631 1276 684 enim
1290 631 1545 701 puerilia.
1562 632 1702 693 Quid
1717 649 1842 686 eum

262 720 382 772 Jam
397 718 618 788 juvenis
632 719 746 788 jam
766 720 854 773 vir
874 720 1107 783 Siculos,
1124 719 1529 789 Calabrumque
1550 722 1806 791 fugacem

261 807 480 877 Disijcis
519 813 577 862 et
614 809 732 861 viso
773 809 1054 878 trepidant
1092 808 1382 861 adamante
1423 810 1686 862 cohortes

262 897 615 967 Aragonum?
654 914 777 950 oum
818 914 922 950 rex
961 897 1159 950 castris
1201 897 1485 966 Sarnoque
1527 898 1741 951 relictis

263 986 479 1057 Appula
515 987 696 1039 veloci
735 986 1041 1039 transmisit
1079 1002 1282 1055 pascua
1321 987 1522 1039 cursu?
1894 989 1965 1041 90

263 1077 376 1128 Ista
415 1092 624 1138 canam,
664 1075 755 1128 vel
796 1091 935 1144 quae
975 1075 1145 1144 gestis
1185 1074 1401 1144 majora
1441 1080 1711 1145 parantur

262 1165 431 1219 Gesta
470 1164 584 1218 tibi.
626 1166 901 1234 IngenteS,
943 1164 1161 1217 aderint
1200 1165 1246 1217 si
1285 1164 1450 1228 bella,
1490 1165 1802 1235 triumphos

260 1254 541 1324 Auguror,
581 1254 872 1323 augurium
911 1271 1020 1307 non
1059 1254 1166 1307 hoe
1205 1254 1339 1306 mihi
1367 1255 1555 1324 pandit
1581 1256 1802 1326 Apollo,

260 1343 377 1397 Nee
414 1360 555 1413 vaga
595 1342 829 1397 Cirrheo
869 1349 1024 1396 vates
1065 1343 1282 1396 seclusa
1320 1343 1419 1397 sub
1462 1349 1642 1409 antro,

262 1433 367 1488 Sed
405 1438 504 1486 tua
537 1433 652 1502 jam
693 1433 849 1486 eaelo
891 1437 947 1486 et
984 1434 1156 1486 terris
1194 1433 1333 1486 bene
1362 1435 1584 1503 cognita
1610 1435 1805 1489 virtus,
1893 1435 1965 1490 95

262 1523 487 1576 Interea
524 1522 624 1575 has
664 1522 895 1576 stabulis
934 1539 1161 1592 pergam
1200 1522 1461 1575 mandare
1503 1524 1764 1592 capellaS,

260 1611 488 1674 Quando
515 1611 744 1664 umbrae
774 1613 1041 1681 ingentes,
1068 1629 1171 1664 neo
1199 1616 1380 1665 tutum
1409 1612 1613 1682 degere
1643 1613 1794 1666 silvis

262 1703 410 1755 Luce
449 1701 547 1754 sub
587 1704 869 1764 extrema3
910 1718 977 1754 ne
1004 1701 1153 1754 forte
1182 1705 1278 1753 aut
1305 1701 1469 1754 turba
1508 1702 1766 1772 luporum

261 1792 507 1860 Ingruat,
548 1795 644 1843 aut
683 1789 884 1842 imbres
925 1790 1108 1843 subiti.
1149 1789 1284 1843 Cras
1312 1791 1494 1843 altera
1520 1791 1746 1844 reddam

260 1881 518 1942 Munera3
558 1879 760 1947 majori
799 1879 1101 1932 cantandus
1142 1880 1386 1932 carmine
1429 1881 1626 1949 surgis.
1858 1883 1963 1937 100

912 2232 925 2244 ·
959 2173 997 2221 T
1001 2171 1122 2233 ε’λος

198 3369 254 3404 88.
279 3370 322 3404 E.
349 3369 493 3414 postilla
527 3370 565 3404 in
588 3371 777 3415 margine:
819 3383 837 3402 α
861 3370 1023 3405 Adamas
1047 3370 1192 3414 insigne
1215 3370 1380 3405 Herculis
1404 3371 1550 3406 Estens.
1581 3385 1614 3405 ».
1717 3371 1774 3405 89.
1808 3372 1851 3405 Ε.
1878 3380 1954 3405 rex

109 3430 228 3463 aseris
251 3429 343 3473 (sic).
369 3429 424 3464 94.
452 3430 491 3465 C.
516 3438 655 3465 cuv-reo
683 3431 776 3475 (sic).

199 3510 367 3538 nomano
1820 3506 1864 3539 ‘29
