2626 4204
880 351 1076 399 —435
1111 378 1173 387 —

270 447 342 500 Et
379 447 626 500 formosa
664 447 850 499 virent
888 448 1146 501 saecundi
1186 449 1417 519 pignora
1456 428 1620 502 veris,

269 535 472 598 Dicite,
513 539 683 604 tuque
719 536 892 604 prior,
922 535 1196 607 Corydon,
1225 542 1323 590 tua
1350 537 1595 590 carmina
1621 539 1814 608 pande.

122 623 256 678 COR.
294 623 448 687 Diva,
486 624 640 693 prius
681 624 894 677 levibus
934 643 1158 680 carmen
1198 625 1480 680 modulata
1522 627 1735 691 cicutiS,

269 713 392 766 Huc
432 712 579 776 adeS,
621 716 679 765 et
716 731 911 766 versus
953 719 1010 767 et
1048 716 1295 768 carmina
1333 719 1526 768 nostra
1565 720 1744 769 tuere.

121 803 300 856 ΡοΕΜ.
341 801 584 865 Phoebe,
620 819 799 854 meum
835 819 1052 867 numen,
1089 808 1352 873 superent
1385 821 1507 856 mea
1539 806 1801 869 carmina,

1483 893 1751 960 [Phoebe,
1905 895 1977 949 45

274 981 513 1050 Orphea,
553 982 644 1034 vel
685 982 930 1051 Tyrium,
972 982 1217 1051 quisquis
1256 982 1365 1035 fuit
1403 983 1517 1046 ille,
1558 987 1794 1052 poetam.

123 1070 256 1125 COR.
300 1070 429 1124 Sola
467 1087 620 1124 meos
662 1071 793 1124 olim
834 1072 1015 1124 tenuit
1055 1071 1312 1125 Cardelia
1351 1089 1559 1136 senSUS,

272 1161 457 1213 Donec
498 1165 664 1213 erunt
701 1168 889 1214 aestus
929 1165 986 1214 et
1025 1161 1239 1231 frigora
1280 1162 1400 1215 sola
1437 1162 1666 1217 tenebit.

122 1250 297 1303 ΡοΕΜ.
337 1250 451 1304 Nos
493 1251 646 1320 cupit
672 1254 800 1303 ante
828 1250 986 1315 alios,
1015 1256 1207 1304 nostro
1236 1252 1549 1304 Philomela
1576 1251 1780 1305 decore

269 1339 482 1403 Uritur,
526 1347 724 1392 uretur
762 1340 1056 1409 fulgebunt
1095 1341 1278 1394 sidera
1318 1341 1508 1394 donec.
1903 1342 1974 1395 50

119 1426 252 1482 COR.
293 1427 478 1482 Conde
514 1429 698 1498 jubar,
738 1430 915 1492 Titan,
957 1430 1275 1499 longissima
1314 1430 1522 1482 lumina
1561 1430 1752 1494 conde,

271 1517 454 1571 Conde
490 1518 673 1587 jubar,
715 1509 934 1588 pactum
963 1519 1129 1572 liceat
1167 1520 1300 1572 mihi
1345 1536 1578 1588 poscere
1612 1537 1823 1573 munus

120 1606 301 1660 ΡοΕΜ.
342 1607 517 1669 Quam
556 1608 741 1661 brevis
781 1609 1046 1662 hesterna
1074 1609 1314 1662 decessit
1341 1609 1578 1679 Cynthia
1605 1609 1791 1662 nocte!

272 1697 382 1750 Vix
409 1698 571 1750 licuit
595 1699 830 1767 positam
859 1698 1059 1768 cupido
1082 1699 1215 1751 mihi
1236 1702 1468 1767 tangere
1492 1699 1804 1768 nympham.

120 1786 255 1840 Con.
295 1786 428 1839 Tam
467 1787 714 1840 formosa
753 1804 875 1842 meo
916 1787 1121 1857 gaudet
1160 1787 1417 1841 Cardelia
1457 1792 1639 1852 cantu,
1902 1789 1975 1843 55

268 1875 442 1937 Quam
463 1874 645 1929 fluviis
667 1877 882 1940 salices,
906 1877 1090 1929 salicis
1117 1894 1277 1946 quam
1307 1877 1504 1930 fronde
1531 1878 1798 1947 capellae.

118 1965 295 2018 ΡΟΕΜ.
335 1965 539 2018 Tristia
561 1969 687 2018 sunt
707 1965 863 2019 nobis
884 1970 1098 2019 tantum
1118 1971 1216 2019 tua
1237 1967 1499 2030 carmina,
1529 1970 1792 2035 quantum

267 2054 488 2108 Vitibus
529 2058 626 2108 aut
663 2072 918 2125 capreae,
959 2057 1246 2126 capreisve
1286 2056 1574 2125 fugacibus
1614 2057 1749 2110 ursi.

119 2142 252 2197 COR.
294 2143 521 2214 Saepius
562 2145 771 2214 ingenti
808 2147 966 2215 posui
1007 2163 1129 2199 mea
1167 2145 1415 2198 membra
1454 2145 1552 2198 sub
1579 2145 1747 2205 ulmo,

268 2233 442 2303 Saepe
483 2234 580 2286 sub
610 2234 850 2298 ilicibus,
891 2251 994 2287 nec
1022 2235 1267 2304 reppulit
1294 2234 1489 2286 umbra
1516 2235 1779 2287 calorem.
1902 2234 1975 2288 60

340 2409 460 2443 Pomm.
489 2410 640 2443 Ponere
665 2414 707 2443 tu
732 2414 890 2443 taurum
912 2411 1151 2452 pecudesque
1178 2409 1216 2442 in
1239 2410 1418 2453 praemia
1439 2410 1579 2452 poscis.

540 2469 613 2508 Qui
635 2469 808 2510 rigidum
834 2470 949 2511 niqra
970 2478 1112 2512 panem
1137 2468 1375 2510 confundere
1398 2468 1509 2509 saba,

536 2529 583 2561 Et
606 2529 747 2562 solitus
771 2529 875 2561 tristi
897 2533 1065 2561 ventrem
1089 2529 1238 2561 satiare
1263 2528 1422 2571 lupino?

340 2588 431 2622 Con.
489 2589 571 2622 Nos
597 2588 701 2621 soliti
725 2591 856 2621 tenero
876 2588 1105 2630 promittere
1131 2595 1296 2621 munera
1320 2589 1457 2630 Mopso

535 2649 683 2689 Aurea,
709 2647 844 2681 dehine
869 2647 939 2680 vili
958 2654 1129 2689 puerum
1153 2647 1301 2681 donare
1325 2655 1484 2688 corona,

537 2707 678 2741 Divitis
703 2710 772 2740 aut
796 2706 927 2747 fulvas
947 2707 1114 2750 pecudes
1136 2707 1300 2740 mentire
1319 2707 1510 2750 parentis.

537 2767 618 2801 Nos
645 2770 786 2808 tenues,
813 2767 998 2809 Poeman,
1024 2767 1090 2800 sed
1115 2767 1314 2800 decertare
1333 2767 1470 2809 parati
1478 2777 1491 2808 ,-

543 2827 659 2860 Hune
684 2830 858 2869 taurum,
885 2826 956 2859 has
974 2826 1155 2869 pecudes,
1181 2826 1388 2868 oculosque
1410 2827 1608 2869 imponere
1623 2826 1791 2869 palmae.

535 2886 610 2919 Sed
635 2886 723 2928 quis
746 2886 874 2918 vicina
901 2885 1038 2927 deiecit
1060 2885 1110 2918 ab
1134 2885 1277 2919 arbore
1300 2885 1489 2926 frondes?

535 2946 694 2980 Arbiter
724 2946 784 2979 hie
808 2948 935 2980 nostri
956 2945 1079 2979 veniet
1101 2944 1311 2986 frondator
1337 2946 1514 2979 honoris:

536 3006 719 3048 Quisquis
745 3005 834 3048 erit,
858 3014 960 3038 saxo
979 3005 1113 3047 piyeat
1137 3006 1334 3046 quaesisse
1347 3004 1569 3046 juvencam.

343 3066 463 3100 Poma.
489 3066 660 3099 Alternis
679 3065 862 3108 placidas
886 3072 1005 3098 aures
1028 3065 1078 3098 da
1104 3063 1294 3107 cantibus,
1319 3064 1478 3107 Alc-hon,

540 3125 729 3158 Praemia
755 3132 824 3158 nec
850 3124 984 3157 malim
1010 3132 1129 3165 quam
1155 3127 1189 3156 te
1212 3127 1364 3158 certare
1388 3124 1590 3165 mayistro.

343 3186 436 3218 ALc.
496 3185 648 3225 Dicite,·
671 3191 742 3216 nos
765 3183 848 3216 alta
872 3190 1030 3216 carmen
1054 3183 1251 3225 capiemus
1275 3183 1324 3215 ab
1353 3183 1458 3216 ulmo

538 3243 614 3277 Sed
635 3243 810 3286 primum
835 3241 953 3275 vim’di
976 3243 1151 3284 yeminas
1175 3242 1314 3275 vincite
1339 3243 1510 3285 capistro

537 3302 704 3336 Arboris
729 3302 782 3335 ad
807 3306 988 3335 truncum
1008 3302 1175 3345 pecudes
1199 3309 1272 3335 sua
1297 3308 1461 3335 munera
1484 3303 1624 3344 cuique

534 3361 672 3396 Debita
697 3362 839 3395 victori
857 3361 1025 3403 pecudes
1047 3361 1222 3404 victoque
1245 3362 1469 3404 capistrum.

206 3423 262 3456 ⁴9.
294 3423 334 3457 C.
358 3422 442 3456 Hos
468 3423 584 3464 cupit.
678 3422 732 3455 57.
760 3422 799 3455 C.
827 3425 894 3456 tua
918 3422 1061 3464 iurgia.
