2626 4204
931 374 1231 423 —457—

267 469 354 522 An
391 470 545 539 prius
585 471 844 539 antiquae
885 472 1064 540 gentis
1111 477 1402 542 repetatur
1444 472 1599 541 origo

415 558 659 628 Regibus
699 576 731 611 a
770 561 993 629 proavis
1033 560 1181 613 edita
1220 562 1531 631 progenieS,
1663 587 1665 589 ·
1906 560 1974 613 10

267 646 456 700 Aurea
497 649 773 718 saphyreo
816 652 936 719 quis
974 650 1193 720 fulgent
1231 651 1351 704 lilia
1391 667 1582 720 campo

414 738 486 790 Et
525 739 673 791 Iovis
715 739 866 794 Idaei
907 739 1136 793 candida
1177 740 1330 792 lucet
1367 741 1500 793 avis

267 824 563 895 Splendida
602 845 699 881 seu
739 828 935 881 fratris
974 833 1319 882 memoretur
1357 830 1541 898 gloria
1581 829 1760 892 Borsi,

415 915 678 969 Indorum
717 917 933 986 populis
973 918 1196 986 cognita
1235 921 1292 970 et
1331 918 1631 986 Hesperiis,

266 1002 499 1074 Cognita
538 991 645 1075 qua
684 1007 858 1058 latum
898 1007 1127 1075 pelagus
1171 1005 1511 1059 circumfluit
1551 1006 1742 1059 orbem
1903 1006 1972 1059 15

411 1094 482 1146 Et
519 1111 627 1163 qua
666 1095 904 1148 lucifero
946 1096 1214 1165 prospicit
1254 1112 1353 1148 ore
1393 1096 1544 1148 deus.

266 1181 424 1235 Illius
464 1185 717 1253 egregias
758 1185 946 1253 cupiat
985 1185 1076 1254 qui
1118 1184 1305 1238 dicere
1347 1184 1540 1239 laudes

412 1272 701 1343 Smyrnaei
739 1275 880 1326 vatis
920 1278 1112 1343 pectus
1153 1274 1360 1328 habere
1401 1274 1579 1327 decet.

261 1359 400 1413 Nam
439 1378 613 1430 genus
651 1363 921 1416 Aestense
962 1367 1020 1416 et
1046 1365 1317 1417 maiorum
1346 1364 1591 1433 ingentia
1615 1363 1766 1416 facta

409 1451 479 1503 Et
517 1455 732 1504 tantum
772 1457 993 1506 veteres
1035 1454 1394 1522 exsuperavit
1433 1470 1583 1516 avos,
1897 1454 1968 1506 20

260 1538 534 1600 Quantum
575 1541 847 1595 sideribus
885 1543 1203 1612 praefulget
1242 1542 1426 1595 lucida
1466 1541 1707 1605 Phoebe,

408 1630 479 1682 Et
518 1637 780 1699 quantum
822 1631 998 1684 colles
1039 1632 1271 1701 despicit
1311 1632 1458 1684 altus
1498 1632 1694 1684 Athos.

261 1717 367 1771 Sed
406 1719 541 1772 licet
578 1720 715 1773 haec
755 1720 946 1773 eadem
986 1722 1160 1790 possit
1198 1726 1255 1773 te
1296 1722 1495 1774 Borsia
1533 1721 1712 1774 virtus

407 1809 714 1878 Aequalem
755 1811 918 1863 celsis
961 1809 1198 1863 reddere
1239 1810 1595 1880 principibuS,

259 1898 383 1966 Ipse
422 1903 578 1951 tuum
618 1900 858 1969 propriis
899 1917 1097 1952 nomen
1136 1899 1437 1952 virtutibus
1480 1917 1661 1962 ornas,
1893 1900 1966 1953 25

406 1988 619 2041 Nomen
659 1988 803 2057 quod
844 1989 1006 2042 mites
1047 1989 1405 2064 contribuere
1447 1989 1552 2042 dei.

257 2076 598 2131 Herculeum
638 2082 824 2130 terras
864 2079 1126 2131 monstris
1166 2095 1485 2147 aequorque
1528 2079 1735 2131 levavit

405 2166 618 2220 Nomen
641 2171 698 2220 et
720 2168 1025 2236 astrigeros
1048 2185 1171 2220 cum
1193 2169 1605 2237 Phlegethonte
1626 2169 1800 2238 polos

256 2255 506 2324 Namque
547 2256 822 2309 Cleonaeo
864 2257 1112 2309 detraxit
1149 2261 1312 2326 terga
1351 2258 1499 2311 leoni

405 2345 475 2397 Et
512 2346 718 2414 peltam
761 2346 1056 2415 Scythicae
1095 2346 1336 2415 perculit
1374 2346 1727 2417 Hippolytae.
1894 2348 1964 2400 :30

257 2434 731 2503 Terrigenamque
775 2435 966 2505 Libyn]
1008 2436 1186 2487 vetuit
1225 2436 1550 2504 contingere
1580 2440 1815 2489 matrem

406 2525 475 2575 Et
516 2524 654 2576 levis
696 2525 962 2577 aethereo
1006 2525 1343 2595 Stymphalis
1383 2526 1494 2578 icta
1533 2526 1661 2595 polo
1702 2531 1804 2579 est.

258 2612 488 2665 Fumida
526 2613 848 2666 fundentem
888 2614 1250 2682 nequicquam
1294 2614 1544 2667 incendia
1585 2615 1786 2668 Cacum

405 2703 617 2756 Sternit
659 2708 716 2755 et
755 2703 1031 2755 Arcadiae
1071 2703 1278 2756 robora
1318 2704 1490 2756 sensit
1528 2721 1680 2773 aper.

257 2791 556 2860 Aureaque
595 2793 867 2861 hesperiis
909 2791 1157 2844 detraxit
1194 2793 1339 2845 mala
1379 2793 1595 2862 puellis,
1892 2795 1963 2847 35

236 2884 237 2887 ’
408 2880 747 2934 Charchesio
789 2881 992 2934 cecidit
1032 2881 1225 2934 littore
1266 2883 1623 2951 tergeminus,

256 2970 345 3023 Nil
389 2971 542 3023 iuvat
581 2971 903 3039 Argolicam
944 2972 1197 3039 reparari
1237 2971 1496 3024 caedibus
1536 2972 1788 3042 hydram,

404 3060 496 3113 Nil
536 3061 690 3112 iuvat
730 3060 1046 3129 aeripedem
1084 3065 1247 3129 terga
1286 3060 1502 3114 dedisse
1541 3062 1735 3115 feram.

258 3150 485 3203 Proelia
522 3150 845 3202 miscentem
886 3149 1088 3219 trepidi
1129 3167 1355 3203 sensere
1394 3150 1743 3215 bimembreS,

375 3239 586 3306 Sensit
627 3243 683 3292 et
724 3239 1001 3308 implacidi
1040 3239 1204 3291 ianua
1242 3240 1402 3309 nigra
1441 3240 1545 3295 dei.
1891 3240 1961 3291 40

260 3328 362 3381 Ille
402 3329 534 3381 tulit
574 3329 791 3381 caelum
830 3328 997 3381 facile
1038 3329 1258 3383 cervice
1300 3330 1567 3393 volanteS,

405 3418 661 3470 Perculit
700 3422 758 3470 et
796 3419 987 3470 Zetum
1029 3419 1271 3487 perculit
1311 3423 1368 3472 et
1408 3419 1632 3473 Calaim.
