2626 4204
2317 0 2327 18 γ’
2333 4 2401 18 ...

1397 370 1463 380 ..
1498 343 1597 393 466
1632 370 1694 382 -.

734 442 804 495 Et
841 441 1044 495 merito
1085 439 1215 511 quid
1253 440 1399 495 enim
1436 442 1736 511 pretiosius
1776 443 1968 498 attulit
2005 447 2161 499 aetas

882 529 1114 585 Nostra?
1134 528 1264 600 quid
1284 534 1382 584 aut
1401 534 1655 585 veterum
1681 532 1906 587 saecula
1929 533 2113 604 prisca
2137 532 2395 604 patrum?

736 620 839 673 Ille
880 619 1018 674 colit
1054 636 1316 691 superos;
1357 621 1702 675 sanctissima
1738 621 1910 677 verba
1947 623 2200 689 Tonanti,

884 709 996 763 Ore
1035 709 1155 780 pios
1195 710 1423 780 proprio
1464 710 1708 764 concinit
1745 710 1842 765 ille
1881 710 2089 766 modos.
2367 711 2437 767 10
2543 678 2549 725 ’ἶ

735 799 841 853 Ille
881 798 1019 852 colit
1057 814 1252 853 sacrae
1293 798 1610 853 veneranda
1646 800 1928 854 volumina
1966 800 2122 872 legia

882 888 999 942 Nec
1039 889 1218 942 minus
1257 890 1494 943 Astreae
1533 890 1764 960 virginis
1803 890 2002 945 haeret
2040 890 2232 947 honos

735 978 889 1033 Adde
928 978 1074 1048 quod
1112 982 1172 1032 et
1209 979 1380 1049 gestis
1421 983 1479 1033 et
1516 966 1735 1040 nomine
1776 980 1964 1034 clarus
2002 996 2235 1036 avorum

883 1066 1017 1122 Cum
1058 1067 1131 1121 sit
1169 1071 1227 1121 et
1265 1071 1465 1136 arguto
1506 1067 1705 1122 nobilis
1746 1069 1983 1139 ingenio,

733 1158 855 1212 Non
895 1158 1052 1211 illum
1091 1157 1300 1212 tumido
1352 1157 1503 1213 levat
1541 1159 1657 1213 alta
1695 1158 1954 1230 superbia
1991 1159 2156 1225 fastu,
2367 1161 2438 1216 15

884 1247 1037 1309 Quae
1077 1247 1222 1301 solet
1261 1248 1499 1318 ingentis
1539 1246 1846 1303 sollic'itare
1886 1249 2068 1313 viros;

733 1337 855 1389 Non
895 1337 1052 1390 illum
1089 1336 1231 1390 fulvi
1270 1340 1498 1407 torquet
1537 1337 1683 1390 mala
1722 1354 1859 1392 cura
1896 1337 2128 1402 metalli,

888 1427 959 1479 Et
998 1427 1251 1480 stimulos
1290 1426 1444 1480 dirae
1485 1428 1698 1498 spernit
1735 1428 2022 1482 avaritiae.

736 1516 893 1570 Hunc
934 1516 1107 1586 igitur
1146 1516 1337 1570 Latiae
1378 1520 1572 1586 gentes
1611 1517 1886 1570 mirantur
1925 1521 1984 1571 et
2025 1533 2184 1572 omne
2543 1564 2551 1579 ff

881 1605 1155 1659 Personat
1196 1606 1497 1659 Ausonium
1534 1606 1716 1676 gloria
1753 1622 1889 1661 vera·
1925 1606 2107 1661 latus:
2366 1606 2440 1661 20
2536 1600 2557 1619 '³

740 1695 1095 1764 Quacumque
1136 1694 1376 1749 Adriaco
1419 1695 1779 1748 contunditur
1818 1711 2063 1766 aequore
2102 1695 2291 1760 tellu8‚
2546 1687 2554 1699 ‘

884 1784 1239 1854 Quacumque
1280 1790 1338 1838 et
1377 1785 1564 1854 superi
1601 1784 1866 1838 verberat
1903 1785 2049 1839 unda
2086 1785 2272 1850 maris,

737 1874 898 1926 Hunc
936 1874 1074 1927 colit
1112 1874 1307 1927 attrito
1348 1875 1562 1944 pariter
1600 1891 1723 1927 cum
1764 1891 2008 1945 paupere
2047 1874 2217 1940 diveS‚

885 1963 955 2015 Et
994 1963 1251 2016 iuvenum
1291 1963 1494 2033 populo
1533 1980 1655 2017 cum
1697 1964 1917 2017 seniore
1957 1964 2193 2028 chorus;

737 2051 886 2113 Quos
926 2068 1029 2121 ego
1068 2069 1212 2106 nunc
1252 2053 1399 2106 inter
1435 2057 1512 2116 te,
1552 2053 2026 2123 praestantissime
2064 2069 2271 2118 rerum,
2367 2053 2442 2109 25
2516 2026 2555 2110 Py,

886 2142 1126 2196 Pectore
1167 2147 1225 2195 et
1265 2141 1490 2206 imbelli,
1532 2158 1639 2211 quo
1679 2141 1832 2206 licet,
1874 2159 1974 2196 ore
2013 2143 2156 2197 colo,

737 2232 923 2300 Teque
963 2231 1142 2285 colam
1181 2230 1450 2284 suberunt
1489 2231 1622 2285 solis
1661 2231 1789 2284 dum
1829 2231 2013 2285 sidera
2052 2233 2237 2298 Marti,

887 2321 1025 2373 Dum
1066 2320 1275 2391 Scytha
1311 2319 1601 2384 terribiliS‚
1642 2320 1797 2374 India
1834 2321 2019 2374 mollis
2057 2321 2185 2386 erit,

734 2410 986 2464 Flumina
1024 2410 1261 2480 dumque
1302 2427 1400 2464 suo
1444 2409 1702 2463 labentur
1740 2411 1793 2463 in
1834 2427 2081 2480 aequora
2106 2427 2276 2466 cursu

883 2500 954 2553 Et
991 2501 1204 2553 vitreus
1246 2499 1481 2568 liquidas
1520 2491 1719 2569 pontus
1761 2498 1984 2553 habebit
2016 2516 2204 2570 aquas,
2369 2500 2440 2555 30

1475 2768 1633 2821 ΧΙΙΙ.

1114 2952 1404 3060 Movens
1444 3022 1617 3058 aurea
1655 3006 1805 3059 Pieri

1186 3095 1437 3158 Carmen,
1479 3095 1721 3158 cithara,
1760 3094 2012 3150 versibus

1185 3184 1556 3238 Parcendum:
1598 3185 1913 3255 ruit-igneo

1335 3274 1585 3327 Aethere
1625 3273 1830 3343 frigida
1866 3289 1995 3328 nox.

1971 3402 2132 3463 Τέλος
