2626 4204
2087 24 2089 26 ,
2107 17 2119 38 3,
2130 24 2134 27 ,
2143 20 2162 27 ,.,
2179 0 2302 38 muza.
2357 20 2373 41 λ,

1442 403 1504 414 -
1541 377 1640 426 426
1674 404 1738 415 -

656 474 785 526 LYc.
829 474 1032 543 Incipe,
1074 473 1152 526 sic
1191 472 1357 526 viridi
1397 480 1735 545 consurgant
1773 492 1950 546 aequa
1992 477 2207 531 Vesevo
2431 470 2577 533 20

805 562 1083 625 Gramina,
1111 561 1190 615 sic
1218 562 1447 632 pingues
1474 562 1708 617 redeant
1734 579 1857 618 cum
1884 564 2154 642 matribus
2181 565 2324 635 agni,
2567 559 2569 562 ’

802 650 1084 719 Plenaque
1124 650 1408 705 faecundis
1448 656 1813 706 concrescant
1852 652 2024 707 ubera
2062 654 2244 708 foetis,

653 739 801 792 ΜΕΝ.
844 739 1124 809 Incipiam,
1165 740 1366 793 melior
1404 745 1570 794 cantu
1610 741 1844 795 meliora
1882 741 2170 812 rependes⁸

800 828 1099 898 Postquam
1140 829 1294 882 nulla
1333 847 1514 883 meum
1554 830 1731 901 pietas
1772 831 2035 885 miserata
2073 830 2325 887 dolorem
2573 882 2598 898 1.

805 917 1086 982 Subvenit,
1126 923 1382 973 extremo
1421 919 1744 974 frondentes
1784 921 2028 974 carmine
2068 920 2234 975 silvas
2431 918 2507 975 25

799 1006 1089 1076 Alloquar3
1130 1008 1233 1062 hae
1276 1008 1459 1063 nullos
1488 1010 1686 1063 solitae
1715 1014 2072 1064 contemnere
2101 1002 2344 1080 questus.
2586 997 2592 1003 U

800 1096 963 1150 Scitis
1003 1100 1165 1162 enim,
1207 1114 1446 1167 quercus
1486 1097 1746 1169 celsoque
1788 1100 2072 1154 cacumine
2111 1098 2242 1169 fagi,

801 1186 1244 1256 Fraxineumque
1284 1204 1476 1241 nemus
1514 1188 1914 1258 viridantisque
1954 1188 2098 1242 ilicis
2136 1186 2324 1253 arbor,

802 1274 965 1328 Scitis
993 1276 1136 1328 enim
1165 1276 1357 1344 quales
1383 1277 1620 1346 gemitus
1647 1294 1788 1347 quae
1816 1278 2064 1330 carmina
2088 1275 2330 1342 fundam,
2572 1327 2595 1354 Ἃ.

800 1363 973 1424 Quam
1001 1368 1250 1434 repetam
1277 1369 1466 1419 vestro
1495 1367 1768 1436 signatum
1796 1367 1850 1419 in
1878 1367 2092 1420 cortice
2118 1381 2342 1429 nomem
2431 1364 2506 1421 30

800 1453 1047 1522 Dumque
1074 1470 1248 1523 vagor
1275 1455 1443 1516 solus,
1473 1471 1613 1524 quae
1641 1455 1864 1509 condita
1889 1455 2135 1526 pectoris
2161 1453 2318 1509 edam

800 1542 1076 1596 Vulnera:
1117 1559 1221 1596 ceu
1261 1543 1532 1613 quondam
1572 1544 1762 1598 fallaci
1801 1543 2010 1615 perfida
2047 1545 2208 1599 vultu

801 1632 1067 1685 Promisit
1099 1633 1321 1697 miserO,
1363 1638 1579 1687 starent
1605 1633 1751 1703 quod
1778 1634 1977 1698 sidera,
2006 1633 2152 1704 quod
2178 1634 2263 1688 sol

800 1721 1007 1775 Ureret
1046 1722 1282 1791 obliquis
1322 1724 1602 1776 immotam
1644 1723 1896 1778 cursibus
1938 1728 2151 1789 arcton,
2555 1774 2586 1795 Α,

801 1809 935 1864 Cum
974 1828 1190 1881 possem
1232 1813 1457 1866 immoto
1497 1813 1718 1866 tandem
1759 1813 1826 1867 de
1853 1818 2083 1884 pectore
2121 1813 2250 1868 labi.
2431 1813 2506 1870 35

802 1899 964 1953 Scitis
1005 1906 1063 1953 et
1101 1905 1164 1954 ut
1202 1902 1337 1955 totis
1376 1900 1703 1972 flagrantem
1745 1919 1944 1956 scaeva
1981 1902 2239 1956 medullis

800 1989 1015 2053 Rideat,
1057 1994 1114 2043 et
1153 1990 1302 2043 laeto
1345 1996 1598 2060 spectans
1638 1991 1891 2045 incendia
1928 1993 2088 2045 vultu

800 2078 1056 2148 Improba
1089 2078 1418 2148 juratosque
1459 2080 1600 2133 Deos
1641 2084 1699 2133 et
1738 2081 1959 2134 numina
1997 2085 2224 2135 temnat.

799 2167 1042 2221 Posthac
1082 2167 1244 2221 dulce
1285 2169 1441 2232 nihil,
1483 2186 1701 2239 semper
1740 2170 1874 2223 mihi
1914 2170 2122 2223 lumina
2161 2168 2298 2224 fletu
2549 2226 2564 2232 ,,

798 2257 1042 2326 Turgida
1082 2262 1140 2310 et
1179 2262 1432 2311 extremo
1475 2259 1748 2328 singultus
1787 2263 2017 2329 pectore
2056 2259 2226 2314 ducti.
2430 2259 2504 2314 40
2536 2260 2577 2334 ’ξπ

800 2346 891 2398 Nil
930 2345 1099 2415 gelidi
1137 2346 1338 2411 fontes,
1379 2347 1458 2400 nil
1495 2348 1747 2417 gramina
1785 2349 1951 2413 laeta,
1990 2364 2248 2419 pecusve,
2423 2348 2425 2351 ’
2576 2347 2580 2354 ’

800 2435 1165 2506 Serpentesve
1203 2436 1402 2505 juvant
1439 2436 1705 2499 hederae;
1746 2453 1854 2490 non
1894 2435 2135 2491 fluminis
2171 2437 2318 2492 unda

798 2526 868 2577 Et
906 2524 1112 2577 virides
1152 2525 1364 2579 circum
1403 2526 1588 2596 ripae;
1628 2543 1737 2580 non
1777 2526 1997 2580 roscida
2037 2527 2207 2581 ramis

799 2614 948 2666 Mala
982 2613 1180 2683 juvant
1217 2614 1422 2684 plenis;
1463 2631 1572 2668 non
1612 2614 1745 2668 flexi
1784 2616 2026 2686 palmitis
2051 2616 2271 2670 umbra:
2551 2666 2555 2672 f

800 2703 1066 2773 Displicet
1083 2704 1224 2757 haec
1252 2704 1518 2773 querulos
1544 2704 1779 2758 fundens
1805 2722 1928 2758 mea
1954 2705 2091 2758 tibia
2115 2709 2333 2770 cantus;
2430 2705 2504 2761 45
2528 2712 2530 2714 ’
2554 2742 2578 2762 ,,-

799 2793 868 2845 Et
905 2793 1075 2845 vitam
1115 2793 1329 2862 pariter
1368 2810 1702 2863 carmenque
1742 2810 1947 2848 exosus
1986 2799 2044 2848 et
2083 2798 2262 2849 artem
2560 2788 2562 2790 ’

798 2881 969 2934 Posse
1010 2883 1151 2935 mori
1191 2883 1425 2952 cupiam,
1465 2884 1521 2935 ni
1561 2900 1685 2953 spes
1712 2884 1910 2954 procul
1937 2900 2110 2938 aurea
2135 2883 2293 2938 nobis

798 2971 1153 3039 Mutatosque
1181 2971 1312 3024 deos
1353 2971 1697 3041 melioraque
1736 2976 1970 3042 pectora
2007 2975 2298 3027 monstret.

650 3060 782 3112 LYc.
821 3059 944 3112 Non
984 3060 1062 3112 ita
1100 3061 1339 3130 populeo
1380 3060 1629 3115 madidus
1670 3061 1770 3115 sub
1809 3062 2023 3116 vertice
2062 3078 2287 3132 mergus

797 3143 1066 3201 Laetatur
1104 3149 1278 3202 nitido
1319 3167 1525 3220 pennas
1566 3151 1862 3205 ostendere
1903 3151 2148 3216 Phoeb0‚
2428 3141 2572 3206 50

737 3323 793 3358 28.
820 3323 861 3359 C.
886 3324 1234 3367 Fraxaneumque.
1327 3326 1382 3360 30.
1418 3326 1463 3359 V.
1499 3327 1622 3367 Quam
1655 3303 1775 3360 libens
1805 3331 1977 3371 repetam
2007 3328 2216 3370 aquatum.
2308 3327 2428 3363 31-35.
2451 3324 2501 3360 V.

646 3393 781 3417 manca
804 3383 840 3417 di
863 3383 983 3429 questi
1007 3384 1117 3417 versi.
1232 3384 1286 3418 32³..
1315 3385 1355 3418 Ε.
1383 3386 1424 3420 C.
1449 3394 1557 3420 caea.
1674 3385 1730 3420 41.
1768 3386 1812 3420 V.
1836 3395 2042 3431 pecusque.
2159 3385 2216 3422 44.
2242 3386 2288 3421 V.
2323 3386 2498 3422 umbrae.

645 3443 701 3476 47.
730 3443 773 3476 V.
801 3443 904 3478 mori
927 3444 1109 3486 optarim.
