2626 4204
1339 416 1424 436 .—
1460 388 1558 437 460
1595 415 1654 426 —

1465 596 1533 649 V.
1852 639 1856 644 .
2043 603 2072 622 ”-

685 689 863 798 Non
904 744 1052 815 capit
1091 760 1372 814 aequoreo
1413 745 1658 815 genitum
1699 744 1766 799 de
1808 746 2015 800 semine
2056 746 2226 801 tellus

761 832 1058 897 ThessaliS‚
1099 836 1158 887 et
1195 837 1358 887 torvo
1399 833 1601 887 dudum
1641 850 1843 904 parere
1883 834 2148 904 magistro

763 921 1053 987 Dedidicit,
1096 927 1384 993 postquam
1426 923 1610 976 iuveni
1651 923 1757 976 iam
1797 922 1980 976 vivida
2018 923 2197 977 virtus

761 1011 991 1066 Ardenti
1035 1011 1301 1076 incubuit,
1340 1011 1510 1082 pudet
1547 1012 1768 1084 hospita
1806 1028 1942 1065 saxa
1967 1012 2246 1077 ferocem;

762 1101 1186 1171 Degeneresque
1221 1102 1335 1171 pati
1364 1100 1627 1154 latebras:
1667 1117 1811 1155 nunc
1851 1100 1946 1155 ille
1987 1105 2215 1156 ruentes
2358 1100 2397 1156 5

660 1210 677 1227 ·
762 1189 1072 1243 Centauros
1111 1190 1302 1259 agitat,
1344 1206 1487 1244 nunc
1530 1190 1687 1243 illum
1729 1189 1959 1260 suscipit
1998 1190 2190 1260 ingens

762 1279 958 1333 Pelion
998 1284 1096 1332 aut
1133 1278 1327 1349 rapido
1366 1279 1609 1332 Pholoes
1648 1278 1715 1332 de
1756 1295 1894 1352 ruppe
1933 1277 2222 1332 bimembri

763 1368 986 1438 Spicula
999 1372 1359 1438 contorquet:
1381 1384 1526 1421 nunc
1539 1367 1806 1422 Thessala
1826 1385 1963 1422 rura
1976 1366 2247 1438 superbus

761 1457 1111 1510 Transmittit
1131 1474 1327 1511 cursu:
1350 1473 1494 1511 nunc
1515 1457 1726 1510 celsum
1747 1457 1928 1527 surgit
1949 1457 2004 1510 in
2026 1457 2243 1511 Ossam:

761 1546 946 1599 Donec
985 1545 1130 1616 apud
1169 1545 1452 1599 Xanthum
1492 1546 1670 1616 prima
1711 1545 1958 1599 sublimis
1998 1546 2053 1598 in
2079 1545 2240 1599 hasta
2325 1544 2395 1599 10

760 1635 1010 1688 Barbara
1048 1635 1337 1689 Dardaniis
1377 1636 1708 1706 impingeret
1745 1635 1964 1704 agmina
2001 1634 2178 1705 portis

762 1725 1077 1778 Terribilis:
1107 1725 1283 1795 primo
1309 1725 1423 1794 jam
1450 1730 1567 1778 tum
1595 1723 1922 1778 metuendus
1950 1726 2004 1777 in
2031 1739 2190 1778 aevo.

1457 1919 1554 1971 VI.

687 2008 984 2131 Credite,
1026 2066 1327 2120 semideum
1367 2083 1641 2136 generoso
1684 2067 1738 2119 in
1777 2070 2006 2136 pectore
2046 2065 2227 2119 virtus

837 2157 1055 2210 Eminet
1093 2173 1159 2210 ac
1198 2157 1432 2226 primum
1473 2156 1749 2225 germinat
1788 2159 1915 2208 ante
1955 2155 2115 2209 diem.

686 2246 914 2298 Terruit
952 2251 1011 2299 et
1046 2245 1212 2299 viridi
1251 2244 1510 2298 Phoebus
1550 2245 1658 2298 iam
1698 2249 1946 2298 monstra
1985 2245 2209 2298 iuventa

836 2323 905 2389 Et
943 2337 1198 2389 iuvenem
1237 2336 1505 2406 Lapithae
1545 2339 1937 2389 contremuere
1977 2334 2170 2398 deum;

687 2427 801 2480 Vix
840 2444 980 2497 puer
1018 2426 1324 2496 Aethiopas
1364 2425 1547 2479 subdit
1586 2425 1688 2478 sibi
1729 2424 1993 2479 candidus
2031 2440 2170 2478 aevo
2358 2423 2396 2478 5

835 2517 1018 2586 Atque
1059 2515 1369 2584 securigeri
1409 2515 1647 2568 Thracia
1686 2531 1858 2584 regna
1898 2514 2059 2568 senis,

686 2604 1214 2675 Amphitryoniades
1253 2605 1444 2674 primis
1483 2603 1758 2673 vagitibus
1797 2603 2036 2657 horrens

836 2695 1167 2764 Serpentum
1207 2693 1358 2746 elisit
1397 2709 1657 2763 squamea
1697 2693 1846 2746 colla
1884 2709 2078 2756 manu3

687 2784 948 2838 Herculis
988 2789 1046 2836 et
1084 2788 1282 2836 tenero
1322 2783 1538 2853 pandon
1578 2786 1872 2852 superatus
1914 2782 1968 2834 in
2007 2797 2144 2834 aevo

835 2873 1126 2927 Convertit
1165 2873 1314 2943 turpi
1355 2877 1587 2943 pectora
1625 2871 1790 2925 foeda
1828 2872 1977 2941 fuga.
2324 2868 2395 2924 10

687 2964 848 3016 Hunc
888 2979 991 3032 ego
1032 2961 1308 3015 Phoebeis
1348 2978 1681 3031 componere
1724 2960 1933 3014 viribus
1971 2959 2166 3023 ausim,

836 3051 1020 3120 Atque
1060 3067 1251 3120 parem
1299 3051 1469 3122 Tyrio
1510 3049 1716 3104 robore
1754 3050 1907 3102 ferre
1946 3048 2077 3112 deo;

688 3140 983 3194 Herculeis
1024 3140 1248 3192 credam
1289 3157 1396 3193 non
1437 3156 1559 3192 esse
1600 3138 1878 3192 simillima
1916 3138 2087 3207 gestis

835 3230 989 3291 Quae
1026 3230 1181 3298 prius
1208 3229 1490 3282 Herculea
1517 3232 1765 3299 monstra
1793 3227 2021 3281 subacta
2047 3226 2248 3280 manu?

702 3393 759 3427 vl.
786 3392 820 3426 5.
847 3391 875 3426 11
898 3390 978 3426 cod.
1004 3390 1196 3425 candidus
1219 3399 1360 3433 aeuan,
1397 3401 1417 3423 e
1442 3388 1516 3424 cosi
1549 3388 1646 3424 nella
1671 3389 1776 3434 copia
1798 3388 1856 3423 del
1872 3389 1997 3432 ‚secolo
2018 3398 2160 3432 scot-803
2187 3386 2395 3434 potrebbeoi
2468 3387 2529 3433 32.

612 3463 767 3499 pensare
790 3451 837 3486 ad
862 3451 990 3489 heros,
1015 3450 1062 3485 ad
1088 3449 1212 3493 afros,
1237 3450 1283 3484 ad
1308 3458 1419 3484 arcu.
1512 3450 1545 3484 9.
1571 3449 1599 3483 11
1623 3449 1700 3484 cod.
1727 3459 1749 3483 e
1773 3450 1809 3484 la
1821 3449 1926 3494 copia
1945 3449 2106 3494 leggono
2121 3447 2394 3493 propt-iumento
2463 3430 2526 3469 λ

614 3514 787 3557 pandon,
812 3511 879 3546 che
904 3521 978 3546 non
1000 3511 1030 3544 s·
1045 3512 1065 3544 ὸ
1087 3515 1220 3555 saputo
1242 3510 1499 3554 interpretare.
2491 3498 2503 3517 ³
