2626 4204
913 385 1204 434 -455-

247 481 389 533 Hinc
429 482 671 550 Hispana
711 482 871 534 datus
910 487 1194 551 premeret
1233 483 1325 551 qui
1368 482 1561 534 littora
1595 480 1801 532 Caesar

393 569 626 624 Carolus
666 587 698 622 a
739 587 933 640 magno
975 571 1212 624 Caesare
1254 587 1452 624 nomen
1491 569 1714 622 habens

249 659 407 712 Illius
447 663 506 712 at
546 659 766 714 soboles
806 664 892 712 tot
927 660 1041 729 jam
1081 660 1318 713 deducta
1357 653 1458 729 per
1496 675 1666 712 annos

396 748 580 801 Edidit
618 750 875 802 Aestensi
917 750 1180 818 sanguine
1220 749 1485 810 Nicole03
1881 747 1959 799 302

247 836 486 906 Auspice
527 854 634 906 quo
677 855 866 890 rerum
907 837 1150 890 crudelis
1191 837 1433 890 concidit
1475 837 1619 890 Otho

396 927 661 1001 Boiorum
702 927 919 996 populis
959 927 1191 979 horrida
1229 927 1522 996 pernicies,

246 1016 517 1069 Aemiliae
556 1020 750 1085 gentes
791 1017 1125 1085 antiquaque
1164 1017 1382 1069 moenia
1422 1017 1561 1085 Regi

395 1105 670 1158 Perdidit:
706 1106 922 1174 hocque
951 1106 1154 1158 malum
1188 1106 1392 1174 gallica
1419 1107 1621 1159 Parma
1648 1105 1813 1159 dedit.

250 1195 415 1247 Illum
456 1195 552 1248 sed
590 1200 780 1248 terrae
821 1196 1035 1264 pariter
1076 1197 1400 1265 superisque
1442 1196 1757 1259 minantem,
1880 1197 1961 1249 35.

394 1284 534 1336 Nam
574 1283 781 1336 bellum
819 1289 1010 1337 terrae
1051 1284 1274 1337 dixerat
1313 1289 1370 1337 et
1411 1285 1653 1354 SuperiS,

248 1373 480 1425 Inclitus
521 1373 778 1426 Aestensi
818 1390 1091 1443 generoso
1134 1390 1166 1426 a
1206 1374 1468 1443 sanguine
1510 1375 1765 1444 princeps

395 1463 596 1516 Victor
634 1463 704 1515 ad
743 1463 990 1516 infernos
1030 1464 1299 1533 compulit
1339 1465 1422 1516 ire
1464 1465 1634 1518 lacus.

247 1552 474 1622 Singula
513 1552 790 1605 bellorum
830 1569 1132 1606 memorem
1174 1554 1218 1606 si
1258 1559 1416 1623 gesta
1454 1558 1746 1623 togaeque,

395 1642 518 1694 Non
560 1643 693 1695 satis
734 1659 766 1694 a
803 1646 924 1695 toto
966 1659 1118 1695 mens
1158 1643 1427 1696 Helicone
1467 1643 1635 1696 foret.
1882 1644 1961 1695 40ἴ

246 1731 370 1784 Non
408 1731 543 1783 mihi
581 1731 672 1783 vel
712 1732 940 1801 proprio
981 1731 1196 1784 referat
1235 1732 1281 1784 si
1321 1733 1567 1784 carmina
1608 1735 1773 1784 cantu

397 1819 654 1874 Phoebus
695 1838 793 1875 seu
834 1820 1059 1873 Phoebo
1101 1822 1357 1890 proxima
1396 1820 1661 1890 Calliope,

247 1910 371 1963 Non
393 1926 651 1963 canerem
672 1914 851 1963 totum
877 1914 1061 1963 tamen
1082 1915 1145 1963 ut
1165 1912 1554 1980 peragraverit
1576 1911 1767 1963 orbem

395 1998 603 2052 Rosida
641 2016 957 2068 purpureus
996 2017 1104 2068 qua
1141 2000 1283 2069 tegit
1323 2017 1422 2053 ora
1464 1999 1640 2063 iubar,

250 2089 527 2158 Aequoris
568 2093 665 2141 aut
704 2089 824 2141 Indi
863 2089 1048 2142 radiat
1087 2107 1194 2158 qua
1234 2091 1430 2143 littora
1469 2090 1727 2143 Phoebus
1882 2092 1963 2143 45

397 2179 468 2231 Et
507 2195 739 2247 surgens
778 2180 969 2248 nigros
1011 2178 1183 2232 inficit
1223 2180 1544 2250 Aethiopas,

246 2268 495 2336 Namque
535 2271 593 2320 et
632 2269 886 2322 caroleas
925 2268 1307 2323 moderantem
1347 2269 1485 2322 vidit
1525 2270 1782 2334 habenaS,

396 2356 551 2410 Vidit
590 2361 648 2410 et
686 2357 920 2411 auriferi
961 2357 1096 2410 ditia
1136 2375 1308 2428 regna
1346 2360 1498 2428 Tagi.

246 2446 363 2500 Nec
389 2446 567 2498 minus
596 2462 628 2498 a
654 2450 846 2498 nostro
869 2447 1079 2515 positos
1100 2448 1297 2516 procul
1327 2447 1460 2500 orbe
1491 2448 1803 2513 BritannOS,

397 2534 855 2604 Cimbrorumque
895 2553 1055 2589 arces
1095 2537 1516 2606 teutonicasque
1557 2554 1765 2592 manus,
1881 2539 1962 2591 50..

246 2626 418 2678 Parte
459 2625 570 2678 alia
608 2626 841 2695 populos
880 2626 1124 2678 Arabum
1168 2629 1447 2696 Carasque
1487 2632 1741 2697 potentes

396 2715 467 2766 Et
503 2719 759 2768 veterum
800 2714 937 2767 vidit
977 2715 1113 2767 ditia
1153 2733 1325 2785 regna
1365 2716 1582 2786 Syrum.

248 2803 352 2859 Sed
392 2807 682 2873 postquam
726 2809 908 2856 terras
949 2805 1140 2874 ingens
1181 2806 1562 2875 compleverat
1604 2823 1792 2859 omnes

397 2893 608 2957 Gloria,
647 2892 759 2961 jam
801 2893 1017 2946 caelum
1058 2911 1211 2946 mens
1251 2911 1525 2963 generosa
1564 2897 1731 2964 cupit.

249 2982 513 3035 Invidisse
553 2982 686 3036 deos
726 2982 899 3047 nobiS,
941 2984 986 3036 si
1026 2983 1162 3035 talia
1203 2988 1418 3047 curant,
1881 2984 1957 3036 55

397 3070 757 3135 Crediderim,
798 3076 1012 3125 tantum
1053 3089 1176 3125 cum
1217 3089 1456 3142 rapuere
1497 3073 1683 3126 decus,

247 3160 538 3212 Percussis
576 3160 827 3229 graviter
867 3161 1053 3214 sonuit
1092 3178 1260 3231 super
1298 3162 1535 3215 aethera
1573 3163 1768 3232 palmis

395 3249 612 3303 Moesta
651 3248 753 3301 sibi
793 3253 987 3318 erepto
1028 3250 1276 3319 principe
1317 3251 1596 3306 Ferraria.

247 3337 451 3390 Laetus
479 3339 534 3390 in
561 3338 825 3391 astrifero
853 3339 1079 3408 plausus
1105 3340 1414 3408 geminatus
1444 3341 1677 3411 Olympo

397 3426 530 3479 Cum
571 3433 800 3496 caperet
838 3427 981 3480 caeli
1021 3429 1178 3496 regia
1216 3429 1366 3482 celsa
1409 3447 1583 3483 suum.
1879 3430 1961 3482 60
