2626 4204
1329 341 1630 389 —410—

700 441 869 509 Cujus
909 444 967 494 et
1003 439 1276 493 attonitae
1316 444 1649 510 stupuerunt
1685 440 1933 494 carmina
1972 439 2164 510 lynces

702 528 1018 598 Blandaque
1058 526 1341 581 terribiles
1378 532 1682 582 tenuerunt
1718 528 1891 582 verba
1929 527 2167 583 leaenas,
2335 527 2410 583 15

701 619 836 671 Dum
877 623 1062 671 tamen
1102 617 1386 671 horrentis
1426 618 1574 671 acies
1613 621 1672 671 et
1709 617 1923 688 praelia
1960 621 2141 672 tentat

699 707 914 770 Dicere,
955 706 1204 760 deseruit
1242 706 1503 771 calamOS,
1544 723 1647 760 ceu
1688 705 1999 777 Strymonis
2036 706 2195 761 undis

700 795 973 850 Candidus
1013 796 1220 849 infecto
1260 796 1502 866 suspirat
1541 796 1786 849 carmine
1824 812 2053 866 cygnus,

699 886 858 939 Nunc
878 886 997 949 tibi,
1019 902 1144 939 nam
1164 884 1370 938 virides
1392 884 1622 939 sordent
1642 885 1758 938 sine
1782 884 2032 939 cantibus
2052 883 2299 951 umbrae,

698 975 945 1028 Tradere
985 975 1275 1045 dignamur
1313 974 1561 1045 pastoria
1591 973 1776 1038 sibila,
1816 975 2077 1028 Poeman.
2333 973 2408 1030 20

699 1065 780 1117 Tu
821 1064 982 1118 modo
1023 1081 1123 1134 per
1163 1064 1332 1118 silvas
1370 1064 1605 1134 vestigia
1644 1068 1837 1117 nostra
1875 1066 2141 1133 sequutus

699 1154 942 1208 Horrida
981 1154 1251 1207 Mavortis
1291 1154 1617 1224 contingere
1655 1153 1772 1207 tela
1812 1156 2035 1217 caveto;

698 1244 905 1298 Nostra
945 1244 1040 1298 sed
1080 1261 1113 1297 a
1151 1248 1344 1298 nostro
1385 1244 1660 1298 ducantur
1698 1245 1918 1297 numine
1957 1242 2146 1297 verba.

549 1334 725 1387 ΡοΕΜ.
769 1334 859 1388 Sic
879 1338 978 1387 tua
992 1333 1329 1387 Partheniae
1350 1338 1693 1387 venerentur
1714 1333 1937 1386 numina
1951 1332 2257 1404 Nymphae,

698 1423 1029 1493 Frigidaque
1070 1422 1344 1476 Arcadiae
1384 1423 1559 1493 regio,
1600 1423 1679 1476 sic
1715 1419 1942 1493 turgida
1977 1422 2106 1492 puri
2330 1419 2410 1476 25

699 1513 951 1566 Flumina
990 1512 1226 1566 Ladonis
1265 1517 1624 1576 venerentur,
1667 1515 1725 1566 et
1763 1511 1970 1565 arduus
2009 1511 2175 1565 Azan.

699 1602 941 1655 Maxime
981 1606 1267 1671 pastorum
1307 1605 1511 1665 custOS,
1551 1605 1609 1655 te
1648 1600 1850 1655 cedere
1888 1600 1973 1653 fas
2014 1603 2128 1654 est:

700 1693 878 1745 Maius
918 1691 984 1744 ab
1024 1691 1292 1745 aethereo
1333 1708 1533 1744 numen
1572 1691 1706 1744 mihi
1746 1691 1963 1744 missus
1986 1690 2220 1761 Olympo

701 1782 934 1836 Inclitus
972 1782 1215 1836 Alcides
1256 1782 1348 1834 Illi
1387 1799 1510 1836 mea
1550 1798 1781 1836 munera
1820 1785 1948 1836 sunt
1986 1781 2127 1834 haec

700 1872 941 1926 Candida
979 1890 1320 1942 purpureum
1358 1873 1634 1925 variantia
1672 1872 1818 1925 mala
1856 1872 2124 1925 colorem.
2335 1868 2413 1923 30

702 1962 866 2015 Illum
907 1978 1030 2031 eg0,
1070 1979 1170 2015 seu
1210 1962 1437 2015 calamis
1476 1961 1685 2030 liquido
1714 1978 1811 2014 seu
1838 1963 2068 2031 gutture
2093 1958 2296 2024 ludam,

701 2051 977 2104 Laudibus
1016 2068 1294 2104 exornans
1332 2051 1547 2106 meritis
1589 2067 1757 2121 super
1797 2051 1979 2104 omnia
2017 2049 2184 2103 tollo:

701 2140 784 2194 Sit
823 2140 958 2195 licet
997 2140 1096 2193 ille
1134 2144 1233 2193 tuo
1273 2141 1489 2194 cantari
1530 2138 1775 2193 carmine
1814 2139 2027 2209 dignuS,

700 2230 818 2283 Nec
856 2246 981 2282 mea
1020 2229 1267 2284 Sicanios
1306 2229 1625 2283 moduletur
1662 2228 1799 2282 tibia
1838 2231 2049 2281 cantus,

547 2319 685 2373 ΡΑΝ.
727 2318 982 2373 Cedimus
1021 2322 1080 2371 et
1118 2318 1238 2372 solo
1278 2319 1533 2388 superari
1571 2318 1791 2371 nomine
1825 2317 1912 2371 fas
1952 2321 2038 2371 est
2332 2314 2411 2370 35

700 2409 978 2472 HerculiS,
1018 2409 1126 2462 hoc
1165 2410 1368 2462 etenim
1409 2408 1576 2462 silvas
1615 2425 1680 2461 ac
1720 2424 1926 2478 pascua
1963 2423 2164 2461 nomen

701 2498 894 2562 Solvit,
935 2502 994 2551 et
1030 2498 1299 2552 horrendi
1336 2498 1642 2551 fortissima
1679 2498 1829 2551 colla
1867 2497 2044 2550 leonis

700 2589 908 2657 Fregit,
951 2591 1008 2642 et
1048 2605 1080 2640 a
1119 2587 1343 2658 Libycis
1385 2588 1621 2641 Anteum
1663 2587 1889 2640 sustulit
1927 2586 2095 2640 arvis·

699 2677 792 2730 Nil
812 2678 966 2730 iuvat
986 2677 1302 2748 aeripedem
1325 2694 1547 2731 cervam
1568 2677 1718 2747 fuga,
1739 2676 1818 2730 nil
1844 2676 1998 2729 iuvat
2016 2674 2252 2746 hydram

699 2766 995 2830 Crescere,
1037 2767 1167 2836 quid
1207 2767 1451 2820 referam
1493 2766 1716 2820 Cretaei
1757 2782 1969 2819 cornua
2005 2765 2158 2818 tauri
2337 2762 2415 2818 40

699 2857 935 2909 Fracta?
975 2857 1105 2926 quid
1143 2857 1401 2927 Hesperii
1439 2856 1629 2910 felicia
1665 2872 1828 2926 poma
1867 2853 2142 2919 draconis,

699 2947 913 3015 Totque
953 2946 1052 3000 sub
1092 2947 1374 3000 Herculeo
1415 2949 1640 3016 pacatas
1678 2945 1882 2999 robore
1921 2943 2145 2998 terras?

699 3037 803 3089 Hic
842 3052 1018 3089 novus
1056 3035 1282 3089 Alcides
1319 3035 1514 3105 patriis
1553 3051 1662 3088 non
1701 3034 1946 3104 degener
1984 3034 2125 3087 actis

699 3125 943 3179 Rettulit
980 3125 1323 3178 Herculeum
1362 3125 1686 3194 meritisque
1719 3128 1784 3197 ¹et
1822 3123 2041 3176 nomine
2067 3138 2283 3176 nomen.

637 3318 694 3354 22.
735 3317 777 3352 Ε.
825 3317 927 3350 tella.
1035 3315 1093 3349 30.
1126 3316 1172 3349 V.
1204 3325 1322 3358 poma
1362 3317 1542 3353 colorem.
1634 3315 1691 3349 32.
1715 3316 1759 3349 V.
1780 3323 1901 3359 super
1924 3315 2096 3349 aethera.
2187 3313 2245 3349 35.
2270 3313 2318 3348 V.
2343 3313 2413 3356 fae

548 3386 620 3411 me.
713 3376 770 3411 36.
796 3375 843 3411 V.
869 3375 990 3409 silvas
1013 3379 1060 3409 et.
1155 3375 1213 3409 37.
1239 3375 1288 3409 V.
1311 3377 1398 3410 Iam
1418 3375 1575 3419 pridem
1598 3375 1790 3418 implevit,
1818 3373 2048 3416 fortissima.
2120 3373 2178 3409 38.
2206 3373 2249 3408 V.
2275 3377 2312 3408 σε
2327 3373 2411 3408 An·

551 3442 652 3471 teum
677 3436 814 3478 fatalis
837 3435 1007 3469 abstulit.
1102 3434 1157 3468 44.
1184 3434 1231 3467 V.
1257 3435 1417 3468 meritis.
