2626 4204
1388 368 1689 419 —468—

726 467 817 522 Nil
859 467 1076 538 superi:-
1114 466 1361 536 geminos
1399 481 1726 536 quamquam
1767 464 1876 520 duo
1916 463 2102 519 sidera
2129 461 2275 518 caeli

1025 553 1366 627 Tyndaridas
1405 553 1660 609 dederint
1696 557 1755 609 et
1792 553 1989 608 Martis
2055 565 2079 582 ἵ

728 646 1083 716 Progeniem3
1124 644 1297 699 Latiis
1338 660 1479 715 quae
1518 642 1782 698 subderet
1820 641 2042 697 arcibus
2071 641 2281 706 orbem,

1024 734 1335 804 Torquatos
1376 731 1703 804 Fabiosque,
1743 735 1802 786 et
1839 731 2015 786 altum

728 823 986 878 Caesarei
1024 824 1246 893 generis
1286 822 1473 887 decuS‚
1514 825 1573 876 et
1609 821 1913 875 fortissima
1951 818 2102 875 bello

1023 914 1265 966 Pectora
1304 910 1583 982 Scipiadas
1621 910 1874 974 tulerint,
1914 914 1972 963 et

729 1004 992 1057 Immotos
1031 1002 1240 1057 iactent
1277 1001 1448 1055 terris
1486 999 1750 1054 tribuisse
1789 997 2044 1054 Catones,

1025 1092 1139 1146 Hos
1177 1090 1355 1145 nostri
1394 1094 1659 1161 superant
1696 1088 1942 1143 Estensis

730 1181 989 1236 Herculis
1027 1180 1288 1250 egregiae
1328 1178 1519 1234 laudes
1559 1182 1725 1248 atque
1765 1177 1976 1248 inclyta
2014 1178 2197 1247 gesta;

1026 1269 1134 1324 Seu
1173 1270 1327 1323 iuvet
1363 1268 1420 1322 in
1459 1266 1695 1322 Calabro
1733 1269 2063 1337 pugnantem

731 1360 973 1414 Pulvere
1011 1357 1407 1428 terribilesque
1448 1357 1751 1428 agitantem
1789 1355 1978 1410 dicere
2016 1358 2231 1408 turmas
2332 1394 2337 1400 .

1025 1447 1389 1518 Deiectasque
1428 1462 1621 1500 manus
1660 1445 1991 1508 Siculorum,

731 1538 866 1593 Cum
907 1538 1141 1592 Sarnum
1179 1537 1409 1608 pavidae
1447 1537 1597 1607 regis
1636 1535 1853 1606 liquere
1890 1534 2157 1589 cohortes

1027 1627 1306 1682 Turbatae
1344 1627 1774 1696 Aragonumque
1813 1623 2133 1695 phalangeS‚

733 1718 840 1772 Seu
880 1718 1033 1771 iuvet
1071 1717 1367 1773 horrisono
1408 1715 1696 1771 cedentem
1735 1713 1923 1768 dicere
1964 1712 2133 1767 Marti

1027 1806 1255 1869 Quando
1282 1810 1474 1860 truces
1501 1806 1699 1859 lituum
1728 1803 1992 1874 strepitus
2021 1805 2080 1858 et

732 1898 952 1951 Deserit
991 1897 1228 1950 immites
1267 1900 1464 1966 pacato
1504 1898 1734 1965 pectore
1781 1909 2006 1964 pugnas,

1030 1984 1300 2040 Pacificus
1336 1983 1556 2038 tandem
1595 1983 1811 2054 patriae
1849 1998 1972 2035 cum

731 2075 1001 2131 Redditus
1041 2080 1143 2140 est,
1183 2075 1333 2128 dulci
1371 2074 1516 2128 votis
1556 2073 1663 2126 iam
1703 2071 1860 2126 mille
1899 2071 2108 2142 petitus

1030 2164 1136 2219 Sed
1174 2165 1325 2235 pacis
1362 2162 1613 2234 placidae
1653 2178 1795 2232 quae
1832 2161 2021 2231 gessit.

733 2257 934 2311 Nullus
971 2254 1264 2326 Apollineo
1305 2252 1551 2307 cantabit
1589 2251 1834 2306 carmine
1870 2253 2046 2321 gesta,

1030 2345 1136 2398 Ille
1177 2344 1312 2398 licet
1350 2341 1547 2397 redeat
1586 2341 1921 2412 Smyrnaeus

733 2438 906 2491 Vates
945 2435 1148 2489 Iliacos
1189 2433 1385 2487 doctus
1425 2435 1656 2485 cantare
1694 2429 1984 2493 tumultUS‚

1031 2526 1102 2578 Et
1128 2524 1264 2577 licet
1290 2522 1358 2576 ad
1385 2537 1618 2592 superos
1646 2521 1850 2574 iterum
1877 2535 2023 2572 nunc

735 2615 1034 2685 Virgilium
1074 2615 1298 2666 mittant
1337 2615 1395 2666 et
1435 2611 1679 2665 carmina
1719 2609 1895 2663 dulcis
1935 2607 2137 2663 Horati

1031 2703 1279 2773 Elysium
1309 2702 1428 2771 quis
1455 2699 1717 2754 claudere
1745 2714 1883 2752 cura
1908 2701 2010 2751 est.

1471 3113 1633 3173 Τέλος

2513 371 2514 374 ’
2529 370 2554 386 mg.

2506 390 2540 410 3³0·-

2363 2243 2444 2300 45
2531 2230 2548 2314 f.
