2626 4204
1370 336 1667 387 —462—

720 435 872 487 Haec
912 449 1015 504 ego
1056 449 1164 487 non
1204 434 1379 487 ausim
1417 435 1573 488 tenui
1611 434 2012 507 comprendere
2051 453 2236 502 versu,

867 523 1043 576 Tanta
1080 522 1232 576 leves
1272 522 1419 593 elegi
1458 522 1705 594 pondera
1742 523 1898 579 ferre
1937 531 2156 596 negant.

718 612 857 667 Sunt
893 615 991 665 tua
1029 612 1250 666 Meonio
1290 612 1383 682 qui
1422 613 1668 667 carmine
1707 613 1923 684 proelia
1961 606 2148 670 dicent

864 700 1203 755 Tribrachus
1243 704 1302 755 et
1341 701 1560 772 longam
1601 702 1693 773 qui
1733 703 1884 757 canit
1922 703 2273 759 Herculeam.
2351 703 2435 759 50-
2498 703 2527 773 ‘J

716 789 998 844 Herculeo
1039 789 1135 844 ille
1175 790 1287 845 tuis
1326 790 1602 861 praelusit
1639 792 1860 846 nomine
1899 793 2088 862 gestis,

866 880 1073 934 Doctus
1111 881 1440 952 Apollineae
1479 879 1573 935 fila
1611 897 1838 936 movere
1879 882 2057 954 lyrae.

718 969 821 1023 Ille
861 968 1031 1023 decus
1071 970 1337 1035 Mutinae,
1379 974 1698 1043 sanctorum
1736 970 1920 1042 gloria
1957 976 2164 1036 vatum,

866 1058 1095 1121 Qualem
1136 1075 1246 1113 non
1284 1059 1463 1113 ullum
1502 1059 1728 1114 saecula
1765 1063 1959 1115 nostra
1997 1060 2206 1126 ferunt,
2242 1070 2245 1071 ’

718 1147 877 1201 Talia
915 1151 1210 1218 componet
1247 1148 1348 1202 tibi
1387 1149 1651 1214 carmina,
1691 1149 1878 1219 qualia
1915 1149 2106 1203 dicunt
2351 1150 2427 1207 55

869 1237 1092 1307 Orphea
1130 1237 1422 1291 bisthoniis
1460 1238 1806 1293 concinuisse
1845 1239 2004 1308 iugis,
2530 1241 2540 1252 ⁰

719 1326 879 1379 Hunc
918 1342 1022 1396 ego
1064 1326 1378 1381 silvicomas
1415 1344 1583 1398 rupes
1621 1331 1682 1382 et
1720 1327 1892 1382 corda
1929 1327 2178 1382 ferarum

866 1415 1212 1470 Crediderim
1250 1417 1407 1471 molli
1445 1434 1607 1489 posse
1645 1434 1872 1473 movere
1912 1434 2072 1482 sono;

717 1506 787 1558 Hi
828 1506 992 1576 longe
1030 1506 1341 1560 Herculeas
1379 1506 1564 1561 divino
1603 1508 1848 1562 carmine
1888 1507 2098 1572 laudeS‚
2500 1574 2512 1582 ,.

866 1595 1026 1649 Bella
1065 1595 1415 1650 cothurnatis
1454 1597 1706 1652 versibus
1745 1597 1862 1651 alta
1901 1601 2118 1652 canent.
2350 1596 2424 1653 60
2515 1590 2518 1591 ’

715 1683 829 1738 Nos
870 1686 1004 1738 satis
1044 1690 1131 1739 est
1168 1685 1439 1756 placidam
1478 1690 1676 1741 tenues
1702 1688 2022 1742 resenantia
2047 1703 2239 1758 pacem
2526 1684 2531 1692 ’

865 1775 1062 1827 Dicere
1103 1779 1163 1828 et
1200 1776 1483 1829 Herculea
1521 1777 1768 1831 carmina
1807 1776 1971 1848 digna
2009 1780 2157 1846 toga.

1470 2017 1596 2070 VII.

864 2136 1142 2249 Saturno
1184 2195 1401 2249 celeres
1442 2196 1736 2250 cohibente
1777 2196 1982 2261 caelos,

938 2286 1009 2338 Et
1044 2290 1231 2339 terras
1270 2285 1527 2355 refugum
1566 2286 1826 2356 aequoris
1863 2287 2022 2340 littus
2060 2288 2118 2339 et

937 2374 1166 2428 Nullum
1203 2375 1489 2429 terribiles
1528 2375 1775 2446 agitabat
1813 2377 1926 2430 iras

938 2463 1142 2528 Cornu,
1170 2481 1273 2518 nec
1301 2465 1569 2536 strepitus
1597 2466 1831 2520 classica
1850 2465 1972 2521 diro
2007 2470 2141 2522 tunc
2497 2522 2521 2542 .-

936 2553 1186 2607 Edebant
1225 2555 1426 2618 sonitu,
1466 2571 1570 2608 nec
1610 2555 1834 2610 immitis
1872 2556 2023 2610 arsit*
2381 2554 2420 2609 5

937 2643 1096 2696 Ensis
1136 2659 1245 2697 non
1286 2643 1504 2697 levibus
1540 2649 1769 2698 texerat
1806 2644 1899 2698 vel
1935 2644 2112 2698 hamis
2505 2631 2507 2635 ¹

937 2733 1139 2786 Lorica
1177 2732 1446 2787 tumidos:
1487 2734 1822 2788 sceleratum
1863 2735 2073 2789 crimen

936 2820 1132 2876 Caedis
1170 2839 1281 2876 non
1319 2823 1533 2878 suerat:
1575 2840 1748 2878 aurea
1787 2824 2011 2878 saecula

936 2912 1115 2981 Egere
1155 2912 1389 2982 populos
1427 2930 1530 2983 per
1567 2930 1799 2968 amoena
1835 2915 1961 2984 puri
2475 2963 2505 2990 ,κγ

936 3001 1126 3055 Fontis
1165 3007 1436 3073 perpetua
1471 3003 1670 3058 fronde
1710 3005 1949 3058 latentes
1989 3008 2047 3057 et
2347 3000 2416 3056 10

936 3091 1137 3145 Molles
1176 3092 1246 3145 ad
1285 3093 1522 3147 choreas
1560 3093 1889 3148 Philomena
1927 3099 2094 3148 cantu

936 3180 1133 3234 Traxit
1172 3197 1270 3234 seu
1309 3183 1588 3252 crepitans
1615 3182 1821 3257 sibilus
1861 3182 2062 3236 arbuti.

727 3354 787 3388 Vl.
822 3354 878 3388 50.
904 3354 928 3388 11
953 3354 1029 3388 cod.
1058 3354 1166 3398 legge
1194 3355 1462 3400 propriamente
1493 3366 1595 3417 come
1620 3355 1679 3391 nel
1704 3362 1819 3400 test03
1858 3367 1919 3391 ma
1941 3357 2010 3391 che
2030 3355 2063 3391 si
2087 3355 2206 3392 dobba
2227 3355 2416 3391 sustituit·
2452 3363 2514 3414 ῥ’

639 3413 775 3447 laudes
797 3413 1037 3448 Herculeas?
2481 3412 2488 3422 '
