2626 4204
1338 341 1637 391 —220-

1356 979 1517 1034 CLII.

823 1359 1027 1466 Ecco
1069 1411 1124 1464 la
1162 1409 1470 1482 pastor-ella
1509 1426 1670 1463 mena
1707 1408 1763 1462 al
1801 1409 1964 1480 piano

898 1503 975 1554 La
1012 1500 1209 1554 bianca
1245 1504 1429 1554 torma
1467 1499 1603 1552 ch’a
1644 1501 1792 1552 sotto
1832 1514 1932 1552 sua
1957 1496 2184 1568 guarda,
2233 1498 2236 1502 ’

896 1590 1161 1661 Vegendo
1203 1591 1244 1644 il
1284 1589 1380 1645 Sol
1417 1589 1625 1655 calare,
1665 1605 1697 1642 e
1736 1588 1880 1642 l’ora
1915 1587 2095 1651 tarda,

897 1682 941 1735 E
979 1681 1165 1734 sumar
1203 1680 1240 1733 l’
1262 1680 1376 1733 alte
1416 1679 1551 1732 ville
1592 1678 1645 1732 di
1685 1678 1932 1732 luntano.

823 1861 960 1914 Erto
1002 1877 1061 1913 se
1099 1860 1227 1913 leva
1266 1859 1322 1912 lo
1362 1861 1622 1912 arratore
1663 1858 1871 1922 insan0‚

898 1951 942 2003 E
981 1950 1022 2003 11
1060 1950 1259 2019 giorno
1298 1948 1535 2018 fugitivo
1577 1948 1799 2001 intorno
1839 1945 2068 2016 guarda,

901 2040 945 2092 E
985 2039 1214 2109 scioglie
1253 2038 1294 2091 11
1330 2037 1466 2108 jugo
1506 2038 1556 2090 a’
1595 2036 1742 2101 bovi,
1784 2035 1888 2090 che
1915 2051 2024 2089 non
2049 2033 2213 2088 tarda

900 2129 1012 2181 Per
1049 2128 1171 2198 gir-e
1211 2127 1266 2181 al
1304 2143 1403 2180 suo
1443 2126 1630 2197 riposo
1669 2143 1703 2179 a
1741 2141 1900 2179 mano
1941 2141 1974 2178 a
2011 2139 2192 2179 mano,

828 2307 898 2359 Et
936 2307 988 2359 io
1029 2306 1252 2370 soletto,
1294 2321 1456 2358 sanza
1494 2303 1658 2358 alcun
1698 2303 1976 2373 sogiorn0‚

903 2397 998 2450 De’
1036 2396 1146 2449 mei
1171 2396 1393 2466 pensier
1431 2395 1517 2448 co’
1557 2394 1598 2447 11
1625 2393 1719 2448 Sol
1759 2396 1910 2447 sosta
1936 2407 2046 2446 non
2071 2391 2232 2455 have,

901 2486 944 2538 E
985 2501 1090 2539 con
1128 2485 1183 2538 le
1223 2484 1387 2538 stelle
1428 2501 1461 2537 a
1499 2483 1747 2554 sospirar
1784 2482 2021 2536 ritorno.

832 2665 1023 2718 Dolcie
1061 2663 1276 2718 affanno
1317 2663 1367 2716 d’
1391 2679 1564 2727 amor,
1605 2664 1810 2732 quanto
1851 2661 1902 2713 fei
1942 2675 2136 2713 suave:

901 2753 1014 2807 Cha
1042 2754 1095 2807 io
1123 2768 1232 2806 non
1258 2768 1392 2822 poso
1420 2752 1476 2804 la
1501 2754 1656 2804 notte
1698 2767 1729 2803 e
1756 2765 1865 2803 non
1892 2749 1948 2802 al
1973 2748 2190 2818 giorn0‚

904 2844 947 2895 E
988 2843 1042 2896 la
1079 2843 1251 2896 fatica
1289 2845 1485 2895 eterna
1522 2857 1632 2894 non
1671 2856 1758 2893 me
1800 2842 1829 2892 ὸ
1868 2836 2064 2908 grave!

699 3286 732 3323 1.
755 3286 856 3321 Neue
877 3285 959 3320 edd.
987 3293 1171 3319 mancano
1193 3284 1226 3318 le
1249 3283 1391 3329 parole:
1418 3282 1461 3316 al
1478 3282 1615 3325 piano,·
1638 3291 1728 3316 sono
1759 3281 1945 3326 aggiunte
1968 3281 2054 3325 perd
2077 3289 2146 3315 mn.
2175 3278 2386 3315 nell'oeem·

604 3347 706 3394 plan-e
728 3344 918 3381 Marciano
941 3345 978 3380 di
1003 3344 1062 3388 V„
1086 3353 1107 3378 e
1133 3343 1157 3378 il
1180 3342 1329 3378 Panizzi
1352 3341 1386 3376 le
1408 3338 1529 3386 suppli
1553 3350 1617 3386 per
1638 3346 1875 3385 congettura.
1944 3339 1978 3374 3.
2012 3338 2211 3382 Veyienao
2239 3338 2273 3373 il
2290 3338 2383 3373 cole.

608 3407 644 3442 4.
666 3406 712 3441 E.
736 3405 822 3440 vile.
870 3404 970 3439 RN.
994 3403 1161 3439 lontano.
1231 3402 1266 3437 8.
1284 3403 1362 3436 Per
1376 3401 1452 3444 air.
1547 3399 1602 3433 11.
1628 3400 1826 3444 suspirar.
1899 3398 1953 3434 12.
1972 3406 2100 3434 soave.
2174 3396 2228 3432 13.
2254 3396 2332 3434 one
2344 3395 2386 3432 io

606 3474 685 3502 non
701 3474 832 3510 poseo.
