2626 4204
679 2277 686 2284 -
766 2246 948 2298 Ausus
990 2246 1122 2298 item
1162 2245 1449 2298 Phoebum
1489 2244 1680 2298 doctas
1721 2250 1779 2298 et
1817 2245 1972 2298 adire
2011 2262 2255 2312 sororeS‚

1431 385 1493 395 ..
1529 358 1628 407 458
1663 385 1726 396 -.

771 456 959 509 Ardua
997 455 1197 509 fatales
1237 455 1381 508 male
1420 472 1643 509 rursum
1683 460 1941 526 exempta
1980 456 2272 527 pharetras

918 544 1088 612 Troja
1126 543 1291 606 cadit,
1332 543 1541 597 claram
1581 544 1755 598 diruit
1794 545 2134 608 Oethaliam„

768 632 979 686 Stravit
1017 638 1075 686 et
1113 632 1351 686 humano
1391 633 1702 703 placantem
1742 634 2005 704 sanguine
2044 634 2199 689 divos
2397 635 2472 691 45

917 723 986 774 Et
1024 722 1302 776 dominum
1343 723 1588 776 Ismariis
1626 723 1826 794 pabula
1864 723 2001 777 fecit
2039 724 2210 794 equis,

768 812 921 865 Haec
960 812 1117 882 prior
1154 812 1380 866 Alcides
1418 812 1671 866 crudelia
1709 816 1957 867 monstra
1995 829 2271 870 novercae

916 902 1053 954 Dum
1094 906 1284 965 necat,
1312 907 1371 955 et
1396 902 1630 956 miseros
1668 902 1821 956 tollit
1859 901 1925 955 ab
1961 918 2061 956 ore
2088 906 2284 959 metus.

770 991 993 1045 Addidit
1032 991 1172 1044 haec
1212 991 1465 1045 stimulos
1506 991 1731 1067 insignis
1770 991 1952 1061 gloria
1989 992 2130 1045 tanti

916 1080 1164 1133 Nominis
1204 1084 1262 1133 et
1300 1080 1534 1133 similem
1572 1084 1630 1134 te
1670 1079 1821 1134 dedit
1860 1080 1959 1133 illa
1996 1080 2117 1135 deo,
2398 1083 2473 1138 50

767 1170 1008 1222 Exhibet
1047 1169 1101 1222 id
1140 1175 1366 1223 teneros
1405 1170 1585 1223 virtus
1624 1174 1874 1239 spectata
1912 1187 2013 1240 per
2053 1186 2224 1225 annos

915 1260 1052 1311 Dum
1093 1259 1289 1328 procul
1329 1258 1598 1328 Alphonsi
1638 1259 1795 1329 regia
1832 1263 1984 1313 tecta
2023 1259 2177 1314 colis.

768 1348 1082 1418 Alphonsus
1122 1347 1295 1402 Celtis
1335 1348 1426 1401 hic
1464 1354 1598 1402 tunc
1638 1348 1907 1418 regnabat
1945 1349 2167 1403 Hiberis

914 1438 984 1490 Et
1024 1454 1129 1490 rex
1167 1438 1439 1508 Pyreneis
1479 1437 1756 1491 montibus
1795 1455 1936 1491 unus
1977 1443 2117 1493 erat.

768 1529 837 1580 Et
875 1528 1056 1580 tenuit
1094 1544 1293 1581 saevae
1335 1544 1442 1596 qua
1481 1526 1719 1581 fluctuat
1756 1527 1902 1581 unda
1941 1527 2249 1598 Charybdis
2399 1531 2475 1587 55

915 1617 1142 1686 Quaque
1183 1617 1324 1686 tegit
1363 1616 1584 1670 rabidos
1626 1617 1847 1686 inguine
1888 1617 2078 1687 Scylla
2115 1634 2304 1683 canes;

766 1706 908 1768 Quin
949 1712 1007 1760 et
1046 1707 1439 1776 Parthenopen
1479 1707 1707 1776 propria
1744 1707 1955 1760 virtute
1996 1707 2230 1778 subegit,

914 1797 984 1849 Et
1020 1797 1202 1849 tenuit
1242 1796 1464 1850 Calabri
1504 1797 1701 1866 iugera
1739 1797 1855 1850 lata
1894 1798 2027 1859 soli3

767 1886 1228 1956 Tyrrhenumque
1267 1886 1400 1939 tulit
1438 1887 1696 1939 victricia
1735 1887 1890 1956 signa
1929 1904 2030 1957 per
2069 1904 2280 1958 aequor

915 1977 986 2028 Et
1025 1977 1276 2046 Lygures
1316 1976 1461 2029 vinci
1502 1975 1753 2055 contudit
1792 1977 2063 2030 insolitos.
2400 1981 2475 2034 60

766 2067 869 2119 Hic
907 2066 1015 2121 fuit
1054 2066 1360 2135 intrepidus
1400 2067 1445 2119 si
1485 2066 1700 2135 quando
1740 2066 1890 2119 bella
1927 2074 2212 2132 vocarent,

914 2155 1136 2209 Casside
1178 2155 1273 2208 sed
1314 2156 1493 2225 posita
1531 2158 1682 2225 pacis
1721 2160 1938 2209 amator
1978 2161 2117 2211 erat.

915 2334 1111 2404 Regali
1153 2335 1388 2387 inseruit
1430 2335 1704 2388 Bacchica
1742 2339 1895 2388 serta
1937 2351 2144 2389 comae.
2614 2406 2617 2410 ι

766 2424 1022 2478 Condidit
1060 2428 1119 2477 et
1158 2425 1353 2494 patriis
1394 2441 1620 2478 romana
1659 2429 1915 2494 poemata
1953 2425 2157 2490 verbm,
2400 2428 2482 2483 65
2579 2414 2582 2419 ’

914 2516 1096 2582 Atque
1137 2514 1462 2566 cothurnati
1503 2513 1687 2567 nobile
1728 2515 1872 2567 vatis
1914 2530 2067 2584 opus,

764 2603 905 2664 Quid
943 2603 1145 2655 mirum
1184 2603 1285 2655 tali
1326 2603 1510 2655 divum
1550 2603 1870 2656 excrevisse
1910 2604 2214 2673 magistro?

914 2693 1096 2760 Atque
1140 2693 1341 2745 iterum
1383 2692 1616 2745 Alciden
1657 2693 1703 2746 si
1730 2709 1853 2746 mea
1880 2694 2067 2746 saecla
2090 2693 2311 2749 vident?

766 2782 869 2835 Ille
909 2781 1076 2834 rudes
1116 2782 1358 2851 propriis
1396 2783 1777 2852 compleverat
1818 2782 2030 2836 artibus
2070 2800 2258 2848 annOS‚

697 2860 700 2863 ’
914 2871 1052 2923 Nam
1091 2875 1149 2924 te
1189 2872 1283 2924 vix
1324 2889 1557 2941 puerum
1599 2873 1755 2941 regia
1795 2889 1932 2925 cura
1969 2873 2116 2927 tulit.
2400 2874 2474 2929 70

764 2961 954 3023 Qualis
996 2961 1242 3013 semiferi
1281 2960 1464 3030 gelido
1506 2960 1763 3015 Chironis
1802 2962 1858 3014 in
1899 2966 2061 3015 antro

916 3051 1070 3102 Trux
1108 3067 1250 3120 puer
1291 3055 1348 3104 et
1386 3052 1566 3121 qualis
1606 3052 2028 3122 parthenopeus
2069 3059 2210 3125 erat,

765 3139 913 3192 Talis
953 3156 1105 3191 eras:
1147 3140 1307 3192 niveo
1349 3140 1624 3209 pendebat
1661 3140 1877 3194 vertice
1918 3141 2088 3194 crinis

913 3227 1187 3282 Candidus
1226 3232 1284 3281 et
1322 3229 1539 3298 placido
1581 3229 1781 3283 stabat·
1803 3231 1858 3282 in
1899 3246 1998 3283 ore
2038 3231 2215 3300 vigor.

764 3319 918 3370 Tunc
957 3317 1124 3370 etiam
1162 3308 1380 3370 ardenti
1421 3318 1617 3372 doctus
1657 3318 1995 3372 contendere
2036 3337 2222 3384 cursu,
2400 3322 2476 3375 75

912 3407 1118 3458 Doctus
1159 3412 1217 3458 et
1254 3407 1408 3459 aerei
1449 3423 1683 3477 carpere
1722 3409 1924 3460 montis
1965 3409 2099 3471 iter;
