2626 4204
1422 377 1721 426 —442—

1530 857 1616 905 IX.

1205 1099 1572 1156 Hercules
1633 1102 1924 1172 incipit.

1363 1219 1775 1270 Gonnocu'roans

1265 1332 1524 1403 Tz‘tyru3‚
1594 1331 1880 1402 Corydon.

639 1538 756 1592 Ti'r.
799 1483 1066 1593 Dulcia
1094 1540 1139 1593 si
1167 1540 1403 1609 quando,
1432 1541 1588 1594 nobis
1610 1558 1754 1596 nunc
1775 1542 2037 1607 carmina,
2066 1544 2340 1615 nymphae

788 1629 967 1682 Dicite
1001 1629 1277 1693 Pierides;
1318 1646 1462 1683 nunc
1500 1632 1702 1684 vestris
1740 1631 1968 1686 vocibus
2007 1632 2201 1703 Eglem
2231 1638 2235 1642 '

789 1717 1041 1772 Prodere
1082 1724 1140 1772 et
1179 1725 1380 1789 arguto
1420 1720 1752 1774 meditamur
1790 1721 1998 1776 tollere
2039 1725 2223 1777 cantu.

787 1808 868 1860 En
908 1809 1042 1861 mihi
1080 1808 1292 1862 turbati
1332 1809 1609 1863 siluerunt
1646 1828 1935 1864 murmura
1971 1812 2143 1882 ponti,

788 1897 1140 1967 Horridaque
1182 1899 1418 1952 immites
1457 1905 1766 1970 posuerunt
1804 1899 1965 1954 sibila
2003 1901 2173 1955 venti.
2460 1899 2499 1955 5
2539 1890 2570 1962 ff

640 1985 773 2040 Con.
813 1987 934 2048 Quo
974 1991 1031 2040 te
1071 1992 1403 2052 cantantem,
1444 2006 1552 2059 quo
1591 1994 1649 2042 te
1688 1990 1779 2043 via
1817 1989 1970 2043 ducit
2008 1995 2249 2055 euntem,
2543 1980 2551 1993 f

787 2076 1015 2146 Tityre?
1054 2077 1110 2129 ni
1149 2077 1351 2147 pigeat,
1393 2078 1626 2132 comites
1666 2079 2009 2132 cantabimus
2047 2078 2226 2134 ambe.

638 2165 757 2219 ΤΙΤ.
798 2165 972 2225 Quam
986 2166 1122 2218 mihi
1136 2171 1330 2236 gratus
1343 2166 1493 2231 adeS‚
1511 2167 1787 2238 Corydon!
1809 2169 1884 2222 Te
1899 2185 2077 2239 nuper
2091 2184 2351 2223 amoenas

786 2254 1108 2316 Quaesitum
1147 2255 1215 2309 ad
1254 2257 1405 2326 ripas
1445 2256 1657 2311 Situlae
1693 2256 1807 2326 jam
1847 2257 2102 2327 linquere
2129 2258 2304 2312 saltus
2550 2332 2555 2333 γ

785 2343 1032 2398 Dilectos
1071 2344 1292 2409 dudum,
1333 2346 1648 2416 dilectaque
1688 2347 1936 2401 carmina
1973 2347 2168 2402 tristes
2428 2346 2497 2403 10

786 2434 1062 2486 Dixerunt
1087 2436 1271 2504 pueri:
1313 2452 1457 2489 nunc
1484 2452 1593 2505 quo
1620 2435 1721 2489 tibi
1752 2437 1983 2494 tendere
2011 2453 2150 2490 cura
2175 2436 2295 2492 est?

637 2521 769 2576 COR.
810 2523 982 2587 Haec,
1010 2524 1143 2576 mihi
1173 2541 1315 2593 quae
1341 2525 1561 2594 geritur
1587 2526 1751 2579 viridi
1773 2526 1872 2580 sub
1892 2526 2136 2596 tegmine
2154 2526 2280 2597 pica

785 2612 1126 2666 Herculeum
1167 2613 1360 2667 didicit
1394 2614 1508 2684 jam
1548 2615 1761 2685 pridem
1806 2616 2013 2670 tollere
2054 2632 2271 2680 nomen,

786 2702 1222 2772 Innumerosque
1262 2705 1413 2757 canit
1450 2703 1592 2758 duro
1633 2705 1733 2758 sub
1772 2722 1908 2775 rege
1949 2705 2188 2769 laboreS‚
2513 2759 2515 2762 ,
2563 2772 2566 2779 ἢ

783 2791 938 2844 Hanc
967 2791 1187 2846 domino
1214 2792 1465 2858 ferimus,
1507 2793 1727 2848 domino
1756 2795 1850 2864 qui
1877 2795 2029 2848 solus
2058 2794 2302 2848 honores
2423 2793 2496 2849 15
2531 2833 2554 2870 4

783 2880 1044 2934 Herculis
1086 2885 1341 2952 egregios
1382 2888 1442 2935 et
1479 2883 1699 2936 nomina
1738 2900 1875 2937 vera
1913 2874 2182 2937 meretur.

633 2967 750 3021 T1'r.
792 2969 1009 3023 Felices
1048 2971 1225 3040 pueri,
1266 2971 1461 3041 quibus
1500 2972 1608 3025 hoc
1649 2972 1747 3025 sub
1786 2973 2046 3043 Principe
2085 2975 2210 3025 tuta

782 3059 935 3112 Arva
969 3059 1188 3128 jacent!
1232 3078 1341 3114 non
1379 3078 1478 3115 vos
1518 3062 1741 3115 sinuoso
1790 3063 1983 3133 vipera
2021 3065 2210 3115 tractu

783 3149 1010 3218 Alligat‚
1049 3155 1147 3202 aut
1186 3152 1335 3203 torvi
1373 3151 1643 3205 violentia
1684 3151 1804 3206 dira
1843 3152 2020 3206 leonis
2515 3202 2543 3218 „s

784 3238 1046 3308 Exagitat
1083 3238 1354 3308 trepidos:
1395 3256 1504 3293 non
1543 3257 1666 3293 vos
1681 3241 1830 3310 rapit
1867 3247 1994 3294 atra
2031 3242 2291 3312 luporum
2415 3242 2529 3302 20

722 3399 755 3433 2.
786 3399 830 3433 V.
857 3399 1028 3442 Acylem.
1120 3400 1154 3434 5.
1182 3400 1227 3434 V.
1255 3401 1423 3434 immicis.
1518 3402 1551 3434 7.
1577 3401 1623 3434 V
1649 3402 1810 3436 comilis.
1907 3402 1960 3436 13.
1989 3403 2031 3438 V.
2059 3404 2243 3439 Herculis
2275 3382 2550 3449 aunumffii“⁷³.³

631 3458 767 3491 didicit
790 3460 870 3492 iam
890 3458 1071 3501 prodere.
2475 3455 2537 3479 410«
