2626 4204
1386 395 1688 445 ...456-

1413 842 1424 852 .
1492 800 1592 855 111.

947 1053 1226 1183 Optima
1265 1112 1457 1184 primis
1495 1112 1614 1166 fata
1652 1113 1906 1167 tulerunt

1021 1202 1252 1274 Semper
1292 1202 1346 1255 in
1385 1202 1566 1266 annis3
1606 1202 1806 1256 funera
1845 1201 1984 1256 vidit

942 1354 948 1358 ,
1018 1292 1281 1346 Hectoris
1321 1292 1471 1346 altae
1512 1292 1606 1362 qui
1645 1291 1798 1346 dedit
1839 1291 1951 1362 igni

1018 1382 1240 1436 Moenia
1278 1381 1500 1452 Trojae.
1551 1380 1708 1436 Vidit
1745 1386 1804 1436 et
1843 1381 1990 1435 acris

1018 1471 1280 1526 Herculis
1318 1475 1474 1525 ustos
1514 1469 1756 1541 perfidus
1795 1475 1970 1535 artuS‚

1018 1560 1123 1622 Qui
1162 1561 1307 1616 male
1349 1561 1510 1615 iussit
1548 1565 1798 1615 monstra
1835 1565 2108 1632 tyrannus

1018 1651 1264 1705 Horrida
1301 1651 1479 1705 vinci:
1520 1650 1764 1704 concidit
1804 1649 1901 1703 ille

1017 1741 1191 1794 Unica
1225 1741 1398 1794 terris
1437 1739 1587 1794 edita
1627 1740 1822 1803 virtus,

1016 1829 1191 1891 Quem
1230 1829 1355 1883 fera
1393 1828 1550 1883 flevit
1587 1827 1755 1882 turba
1793 1828 2137 1892 Britannum,

1018 1919 1202 1972 Flevit·
1241 1923 1299 1972 et
1337 1923 1463 1972 ater
1501 1919 1734 1989 pulvere
1773 1917 1986 1981 Medus,

1015 2008 1284 2062 Torridus
1324 2009 1482 2062 illum
1521 2007 1678 2063 flevit
1715 2012 1775 2061 et
1811 2008 2024 2079 Hamon

1015 2099 1332 2170 Strictaque
1372 2100 1569 2153 bruma
1607 2115 1744 2153 zona
1783 2097 2006 2168 rigenti.

1490 2499 1586 2552 IV.

719 2756 1018 2868 Orbatas
1059 2814 1247 2885 superi
1285 2818 1399 2866 tam
1439 2813 1596 2866 claro
1637 2811 1821 2866 sidere
1859 2815 2048 2867 terras

864 2903 989 2958 Non
1028 2907 1212 2958 tamen
1252 2903 1526 2957 Ausonias
1566 2901 1884 2956 destituisse
1923 2905 2139 2972 parant.

717 2994 801 3046 Tu
840 2991 1000 3047 datus
1039 2993 1322 3047 Herculeo
1362 2992 1596 3046 meritus
1637 2991 1731 3061 qui
1769 2992 1988 3046 nomine
2020 2990 2204 3062 fulges

867 3083 989 3136 Divi
1027 3083 1323 3154 progenies
1362 3081 1554 3136 inclita
1592 3081 1827 3136 Nicolei.

724 3174 911 3244 Incipe
949 3172 1139 3226 Pierio
1180 3189 1316 3242 quas
1354 3171 1592 3242 primum
1633 3172 1878 3225 carmine
1918 3170 2128 3235 laudeS‚

869 3262 1056 3331 Incipe
1097 3260 1346 3331 Calliope
1387 3260 1573 3330 qualia
1611 3263 1768 3330 gesta
1807 3277 2017 3314 canam.

722 3350 967 3406 Horrida
993 3351 1279 3420 sanguinei
1306 3365 1609 3403 memorem
1638 3366 1736 3403 seu
1763 3349 1977 3420 praelia
2001 3347 2197 3402 martis

872 3439 981 3495 Seu
1019 3438 1272 3510 placidae
1312 3438 1556 3491 referam
1596 3438 1751 3491 mitia
1785 3438 1917 3507 jura
1954 3443 2136 3507 togae.
