2626 4204
1385 394 1686 444 -454-

1509 832 1581 884 ΙΙ.

727 1231 968 1285 Tandem
1010 1232 1292 1287 Semideos
1331 1234 1529 1303 priscis
1569 1233 1774 1287 heroas
1814 1214 1869 1286 in
1910 1233 2066 1287 annis

875 1321 1165 1375 Auxilium
1203 1322 1367 1376 fessis
1406 1321 1664 1392 gentibus
1705 1322 1804 1378 ille
1842 1322 1992 1377 tulit.

729 1411 882 1464 Tunc
904 1409 1056 1463 dedit
1077 1411 1437 1480 anguicomae
1458 1411 1809 1482 frangentem
1832 1411 1980 1466 colla
2000 1410 2280 1477 Medusae,
2397 1411 2437 1468 5
2509 1406 2555 1486 js„

879 1499 1076 1554 Sidera
1114 1505 1248 1555 tunc
1287 1501 1536 1571 geminos
1576 1500 1763 1555 lucida
1800 1500 2161 1572 Tyndaridas,
2539 1501 2543 1509 ’

727 1590 879 1643 Tunc
918 1589 1079 1643 datus
1118 1590 1385 1644 informes
1423 1590 1623 1661 thyrso
1664 1591 1758 1660 qui
1797 1590 2042 1661 perculit
2080 1589 2244 1646 Indos

878 1670 1226 1748 Thraciaque
1266 1679 1515 1733 edomuit
1552 1679 1780 1751 Evhyus
1820 1696 1976 1733 arma
2014 1696 2170 1750 puer.

727 1768 921 1821 Editus
960 1767 1185 1822 Alcides
1224 1769 1317 1838 qui
1356 1774 1543 1822 terras
1582 1785 1830 1839 aequora
1868 1770 2048 1823 Ditem
2510 1823 2520 1847 Ἰ,

877 1858 1260 1927 Magnanimus
1299 1859 1562 1911 monstris
1604 1859 1763 1911 exuit
1801 1857 2100 1912 horrificis.
2365 1855 2436 1919 10

728 1946 944 2000 Thesea
981 1946 1112 2016 quid
1150 1947 1395 2000 referam
1433 1951 1657 2001 torvum
1696 1947 1904 2001 fudisse
1934 1948 2281 2012 Procustem,
2521 1939 2523 1942 ’

876 2037 948 2089 Et
986 2036 1397 2107 Labyrintheae
1437 2038 1622 2090 cresia
1659 2041 1909 2091 monstra
1947 2036 2181 2092 domus?

729 2125 871 2187 Quid
898 2125 1143 2179 referam
1171 2126 1448 2197 Phrygias
1474 2131 1827 2196 quassantem
1854 2126 2079 2196 cuspide
2100 2132 2289 2182 turres

880 2215 1082 2269 Peleos
1121 2215 1421 2269 Aeacidem
1461 2216 1873 2286 Nereidumque
1911 2216 2123 2286 genus?

729 2304 977 2365 Quantus
1017 2309 1076 2358 et
1114 2305 1302 2359 Iliacis
1343 2306 1569 2359 steterit
1607 2322 1709 2376 pro
1749 2305 2037 2360 moenibus
2075 2306 2289 2360 Hector
2365 2305 2527 2371 15

878 2393 948 2446 Et
987 2410 1111 2447 cum
1151 2393 1436 2464 Deiphobo
1477 2394 1701 2448 Troilus
1740 2398 1908 2465 atque
1949 2394 2143 2449 Paris?

729 2484 849 2536 Hoc
887 2483 1010 2552 pius
1051 2485 1269 2538 Aeneas
1309 2485 1530 2554 genitus
1570 2483 1638 2539 de
1679 2485 1944 2555 sanguine
1985 2483 2258 2554 quondam

879 2571 1136 2626 Condidit
1173 2574 1418 2627 ausoniis
1458 2574 1677 2628 moenia
1716 2573 2020 2638 littoribuS‚

731 2663 836 2724 Qui
877 2664 1086 2716 virtute
1127 2680 1228 2716 sua
1267 2664 1410 2717 Latii
1449 2668 1576 2734 post
1613 2663 1764 2717 bella
1801 2664 2042 2717 furentis
2478 2710 2516 2735 -.ᾗ

880 2752 1144 2822 Indigetis
1185 2753 1392 2806 meruit
1430 2768 1629 2807 nomen
1668 2753 1878 2806 habere
1917 2753 2023 2807 dei.
2086 2757 2089 2760 ⁴
2365 2750 2440 2808 20
2482 2754 2505 2807 :j'

730 2841 871 2893 Hinc
911 2842 1084 2909 geniti
1123 2840 1423 2895 indomitae
1466 2841 1771 2895 lambentes
1812 2841 1988 2896 ubera
2027 2841 2223 2895 matris
2366 2849 2370 2853 “
2499 2831 2507 2842 ’

879 2928 1053 2982 Iliade
1093 2930 1297 2998 gemini
1337 2930 1543 2983 Martia
1580 2930 1894 3000 progenie8‚

730 3019 914 3072 Julius
954 3023 1013 3071 et
1050 3020 1233 3088 magni
1273 3019 1495 3089 genitus
1535 3019 1602 3074 de
1644 3020 1850 3073 semine
1891 3019 2005 3073 Juli

881 3107 986 3168 Qui
1025 3107 1165 3161 bene
1204 3108 1543 3179 martigenas
1582 3109 1946 3179 exsuperavit
1986 3125 2136 3173 avo8‚

732 3195 915 3250 Gallia
954 3213 1117 3266 quem
1158 3198 1331 3251 sensit
1367 3197 1518 3251 bello
1559 3201 1822 3268 superata
1862 3197 2106 3263 bilustri,
2366 3190 2506 3254 25

879 3285 1062 3339 Sensit
1101 3290 1159 3338 et
1198 3286 1464 3340 invictum
1505 3286 1785 3340 Thessalis
1826 3303 1927 3340 ora
1967 3287 2178 3342 ducem.
2472 3273 2498 3283 ’

745 3463 783 3496 11.
811 3462 845 3496 8.
872 3462 898 3496 ΙΙ
923 3462 1002 3496 cod.
1029 3462 1198 3496 enchius.
