2626 4204
954 368 1015 376 —-
1054 342 1251 389 425—

817 1066 1023 1121 Silva
1088 1068 1375 1136 incipit.

883 1175 1290 1235 COLLOCUTORES

759 1299 1051 1366 Lycanor,
1108 1300 1425 1352 Menalca&

158 1506 288 1561 LYC.
332 1448 563 1579 Quam
580 1507 718 1560 bene
735 1522 878 1559 nunc
897 1506 1045 1558 dulci
1061 1508 1242 1559 tenuis
1260 1510 1419 1560 sonat
1433 1505 1570 1559 aura
1586 1522 1816 1559 susurro

308 1596 625 1649 Amnicolas
666 1596 813 1648 inter
852 1596 1069 1659 saliceS‚
1111 1600 1169 1648 et
1206 1595 1440 1648 frondea
1479 1600 1677 1648 nutant

307 1686 571 1755 Virgulta
610 1685 947 1754 excelsoque
989 1685 1271 1754 agitantur
1309 1685 1523 1738 vertice
1563 1685 1745 1754 pinus!

305 1774 478 1836 Quam
517 1775 656 1827 bene
697 1774 877 1827 vicino
919 1774 1255 1843 respondent
1291 1791 1577 1827 murmure
1617 1776 1772 1844 ripae

305 1863 609 1932 Molliaque
650 1866 879 1932 argutos
922 1863 1156 1916 invitant
1195 1863 1355 1915 sibila
1395 1863 1618 1916 cantus!
1979 1863 2015 1916 5

157 1953 306 2006 ΜΕΝ.
346 1954 500 2006 Vera
513 1952 696 2005 refers
711 1970 722 2015 ;
741 1952 949 2004 utinam
965 1953 1221 2005 comitem
1240 1968 1361 2005 sors
1377 1952 1608 2005 candida
1623 1954 1864 2022 Bargum

303 2040 569 2104 Adderet‚
611 2040 742 2092 huic
781 2040 946 2109 parili
985 2044 1236 2093 certaret
1275 2040 1519 2092 carmine
1560 2044 1758 2093 contra

302 2130 528 2200 Tityrus
569 2131 822 2183 immotas
862 2129 1058 2182 solitus
1099 2129 1376 2182 deducere
1417 2147 1671 2198 quercus,

148 2219 285 2272 LYc.
326 2219 485 2280 Quod
497 2219 652 2289 cupis
668 2219 722 2271 id
739 2219 1006 2288 cupimus,
1022 2218 1319 2288 prohibent
1335 2218 1431 2271 sed
1444 2219 1578 2282 fata,
1594 2219 1871 2271 Menalca:

300 2309 466 2362 Alter
504 2309 650 2361 enim
691 2309 901 2361 circum
943 2308 1182 2377 pecudes
1223 2312 1280 2360 et
1318 2309 1540 2377 pinguia
1574 2309 1784 2360 circum
1943 2307 2008 2359 lO

299 2399 569 2451 Armenta
609 2396 812 2450 oblitus
851 2414 1139 2449 nemorum
1180 2401 1481 2466 noctesque
1521 2397 1747 2466 diesque

299 2487 582 2551 Perditur‚
612 2490 670 2539 et
702 2491 898 2539 tenues
938 2486 1203 2539 claudunt
1243 2504 1341 2539 sua
1380 2487 1627 2539 carmina
1667 2487 1849 2538 lanae:

299 2578 463 2630 Alter
502 2576 917 2646 Hamadryades
957 2581 1014 2628 et
1053 2575 1252 2629 florida
1291 2593 1427 2628 rura
1461 2577 1664 2646 Lycaei

303 2667 563 2719 Deseruit
603 2666 890 2734 celsasque
929 2681 1100 2734 vagus
1141 2665 1357 2717 delatus
1398 2665 1466 2720 ad
1507 2682 1665 2718 arces

297 2755 560 2810 Ardentis
601 2756 750 2808 acies
790 2758 849 2807 et
887 2771 1080 2823 regum
1121 2755 1335 2823 praelia
1374 2758 1569 2808 tentat.
1936 2753 2004 2806 15

144 2848 297 2900 ΜΕΝ.
336 2844 787 2913 Quandoquidem
804 2845 858 2895 in
875 2843 1028 2896 silvis
1043 2843 1220 2912 pudor
1237 2848 1322 2896 est
1335 2843 1626 2897 considere
1643 2843 1835 2897 doctos

298 2936 577 3003 Armaque
619 2934 840 2987 vocales
881 2933 1110 3003 cupiunt
1147 2933 1430 2986 horrenda
1470 2937 1696 3003 poetae;

295 3026 410 3078 Nos
426 3023 623 3093 quibus
638 3023 933 3092 ingenium,
951 3022 1146 3091 quibus
1161 3022 1333 3075 ardua
1347 3022 1536 3086 verba,
1553 3024 1826 3092 Lycanor‚

296 3113 584 3176 Deficiunt,
624 3112 820 3165 humili
858 3111 1205 3164 celebremus
1246 3112 1488 3164 carmine
1531 3112 1714 3164 silvas.

236 3289 282 3323 V.
308 3290 348 3323 In
372 3290 409 3324 C.
439 3289 483 3322 V.
509 3288 639 3322 invece
664 3287 697 3320 di
725 3287 910 3329 Lyeanor
934 3287 970 3319 v'
986 3288 1006 3320 e
1030 3291 1323 3320 costantemente
1349 3287 1535 3329 Lytanor.
1636 3285 1688 3319 12.
1711 3286 1754 3318 V.
1775 3289 1904 3318 tenues
1931 3291 2002 3315 no-

144 3353 252 3383 rum.
346 3349 398 3382 13.
426 3348 464 3382 C.
491 3355 591 3381 rura
618 3347 723 3380 litae.
817 3346 872 3380 14.
895 3346 941 3377 V.
966 3354 1089 3388 vayus
1112 3346 1205 3379 dum
1230 3345 1359 3386 fertur
1384 3346 1435 3379 ad
1462 3354 1585 3379 arces.
1681 3344 1732 3377 15.
1763 3344 1805 3377 Ε.
1842 3343 1880 3375 C.
1921 3342 2000 3374 Ar-

140 3408 285 3442 dentis.
