<?xml version="1.0" encoding="UTF-8"?>
<!DOCTYPE html PUBLIC "-//W3C//DTD XHTML 1.0 Transitional//EN"
    "http://www.w3.org/TR/xhtml1/DTD/xhtml1-transitional.dtd">
<html xmlns="http://www.w3.org/1999/xhtml" xml:lang="en" lang="en">
 <head>
  <title>
</title>
<meta http-equiv="Content-Type" content="text/html;charset=utf-8" />
  <meta name='ocr-system' content='tesseract 3.04.00' />
  <meta name='ocr-capabilities' content='ocr_page ocr_carea ocr_par ocr_line ocrx_word'/>
</head>
<body>
  <div class='ocr_page' id='page_1' title='image "./lepoesievolgarie00boiauoft_0091.png"; bbox 0 0 2612 4270; ppageno 0'>
   <div class='ocr_carea' id='block_1_1' title="bbox 1029 311 1292 359">
    <p class='ocr_par' dir='ltr' id='par_1_1' title="bbox 1029 311 1292 359">
     <span class='ocr_line' id='line_1_1' title="bbox 1029 311 1292 359; baseline 0 -12"><span class='ocrx_word' id='word_1_1' title='bbox 1029 311 1292 359; x_wconf 75' lang='lat'>...41-</span> 
     </span>
    </p>
   </div>
   <div class='ocr_carea' id='block_1_2' title="bbox 1070 958 1252 1011">
    <p class='ocr_par' dir='ltr' id='par_1_2' title="bbox 1070 958 1252 1011">
     <span class='ocr_line' id='line_1_2' title="bbox 1070 958 1252 1011; baseline -0.005 0"><span class='ocrx_word' id='word_1_2' title='bbox 1070 958 1252 1011; x_wconf 90' lang='lat' dir='ltr'><strong>XXX.</strong></span> 
     </span>
    </p>
   </div>
   <div class='ocr_carea' id='block_1_3' title="bbox 493 1325 1830 1548">
    <p class='ocr_par' dir='ltr' id='par_1_3' title="bbox 493 1325 1830 1548">
     <span class='ocr_line' id='line_1_3' title="bbox 493 1325 1830 1459; baseline 0.004 -23"><span class='ocrx_word' id='word_1_3' title='bbox 493 1325 692 1456; x_wconf 70' lang='lat' dir='ltr'>Qual</span> <span class='ocrx_word' id='word_1_4' title='bbox 731 1402 800 1438; x_wconf 81' lang='lat' dir='ltr'>ne</span> <span class='ocrx_word' id='word_1_5' title='bbox 840 1385 857 1437; x_wconf 94' lang='lat' dir='ltr'>i</span> <span class='ocrx_word' id='word_1_6' title='bbox 897 1388 1044 1456; x_wconf 78' lang='lat' dir='ltr'><strong>prati</strong></span> <span class='ocrx_word' id='word_1_7' title='bbox 1083 1387 1150 1441; x_wconf 83' lang='lat' dir='ltr'>de</span> <span class='ocrx_word' id='word_1_8' title='bbox 1191 1388 1346 1442; x_wconf 87' lang='lat' dir='ltr'>Idalo</span> <span class='ocrx_word' id='word_1_9' title='bbox 1387 1406 1457 1442; x_wconf 92' lang='lat' dir='ltr'>on</span> <span class='ocrx_word' id='word_1_10' title='bbox 1497 1387 1563 1441; x_wconf 83' lang='lat' dir='ltr'>de</span> <span class='ocrx_word' id='word_1_11' title='bbox 1605 1388 1830 1459; x_wconf 74' lang='lat' dir='ltr'><strong>Cytero,</strong></span> 
     </span>
     <span class='ocr_line' id='line_1_4' title="bbox 567 1474 1817 1548; baseline 0.004 -22"><span class='ocrx_word' id='word_1_12' title='bbox 567 1474 637 1527; x_wconf 80' lang='lat' dir='ltr'>Se</span> <span class='ocrx_word' id='word_1_13' title='bbox 676 1475 851 1528; x_wconf 79' lang='lat' dir='ltr'><strong>Amor·</strong></span> <span class='ocrx_word' id='word_1_14' title='bbox 890 1476 957 1529; x_wconf 80' lang='lat' dir='ltr'>de</span> <span class='ocrx_word' id='word_1_15' title='bbox 997 1477 1266 1547; x_wconf 67' lang='lat' dir='ltr'><strong>festagiar</strong></span> <span class='ocrx_word' id='word_1_16' title='bbox 1304 1478 1398 1548; x_wconf 67' lang='lat' dir='ltr'>piu</span> <span class='ocrx_word' id='word_1_17' title='bbox 1437 1479 1624 1548; x_wconf 84' lang='lat' dir='ltr'>voglia</span> <span class='ocrx_word' id='word_1_18' title='bbox 1664 1495 1817 1542; x_wconf 63' lang='lat' dir='ltr'>ama,</span> 
     </span>
    </p>
   </div>
   <div class='ocr_carea' id='block_1_4' title="bbox 566 1563 1787 1719">
    <p class='ocr_par' dir='ltr' id='par_1_4' title="bbox 566 1563 1787 1719">
     <span class='ocr_line' id='line_1_5' title="bbox 566 1563 1654 1636; baseline 0.005 -20"><span class='ocrx_word' id='word_1_19' title='bbox 566 1565 644 1616; x_wconf 79' lang='lat' dir='ltr'>Le</span> <span class='ocrx_word' id='word_1_20' title='bbox 683 1563 789 1617; x_wconf 83' lang='lat' dir='ltr'>due</span> <span class='ocrx_word' id='word_1_21' title='bbox 831 1566 1038 1619; x_wconf 68' lang='lat' dir='ltr'>sorella</span> <span class='ocrx_word' id='word_1_22' title='bbox 1079 1567 1303 1636; x_wconf 80' lang='lat' dir='ltr'>agiunte</span> <span class='ocrx_word' id='word_1_23' title='bbox 1342 1585 1375 1621; x_wconf 89' lang='lat' dir='ltr'>a</span> <span class='ocrx_word' id='word_1_24' title='bbox 1414 1568 1654 1631; x_wconf 73' lang='lat' dir='ltr'>Pasitea‚</span> 
     </span>
     <span class='ocr_line' id='line_1_6' title="bbox 568 1652 1787 1719; baseline 0.005 -14"><span class='ocrx_word' id='word_1_25' title='bbox 568 1652 867 1719; x_wconf 81' lang='lat' dir='ltr'>Cantando,</span> <span class='ocrx_word' id='word_1_26' title='bbox 909 1655 963 1708; x_wconf 90' lang='lat' dir='ltr'>di</span> <span class='ocrx_word' id='word_1_27' title='bbox 1003 1657 1060 1708; x_wconf 58' lang='lat' dir='ltr'>s&amp;</span> <span class='ocrx_word' id='word_1_28' title='bbox 1103 1657 1328 1710; x_wconf 80' lang='lat' dir='ltr'>cerchio</span> <span class='ocrx_word' id='word_1_29' title='bbox 1370 1657 1592 1711; x_wconf 78' lang='lat' dir='ltr'>intorno</span> <span class='ocrx_word' id='word_1_30' title='bbox 1631 1657 1787 1711; x_wconf 53' lang='lat' dir='ltr'><strong>fssro:</strong></span> 
     </span>
    </p>
   </div>
   <div class='ocr_carea' id='block_1_5' title="bbox 492 1832 1830 2176">
    <p class='ocr_par' dir='ltr' id='par_1_5' title="bbox 492 1832 1830 2176">
     <span class='ocr_line' id='line_1_7' title="bbox 492 1832 1830 1907; baseline 0.004 -22"><span class='ocrx_word' id='word_1_31' title='bbox 492 1832 587 1886; x_wconf 85' lang='lat' dir='ltr'>Ta]</span> <span class='ocrx_word' id='word_1_32' title='bbox 632 1851 690 1886; x_wconf 80' lang='lat' dir='ltr'>se</span> <span class='ocrx_word' id='word_1_33' title='bbox 729 1834 852 1888; x_wconf 81' lang='lat' dir='ltr'><strong>fece</strong></span> <span class='ocrx_word' id='word_1_34' title='bbox 893 1835 1037 1905; x_wconf 84' lang='lat' dir='ltr'><strong>oggi,</strong></span> <span class='ocrx_word' id='word_1_35' title='bbox 1079 1853 1109 1889; x_wconf 83' lang='lat' dir='ltr'>e</span> <span class='ocrx_word' id='word_1_36' title='bbox 1149 1837 1243 1906; x_wconf 81' lang='lat' dir='ltr'>pi1&#39;1</span> <span class='ocrx_word' id='word_1_37' title='bbox 1282 1837 1534 1907; x_wconf 81' lang='lat' dir='ltr'>legiadro</span> <span class='ocrx_word' id='word_1_38' title='bbox 1570 1854 1600 1890; x_wconf 82' lang='lat' dir='ltr'>e</span> <span class='ocrx_word' id='word_1_39' title='bbox 1629 1837 1830 1901; x_wconf 82' lang='lat' dir='ltr'>altero,</span> 
     </span>
     <span class='ocr_line' id='line_1_8' title="bbox 566 1923 1756 1995; baseline 0.003 -19"><span class='ocrx_word' id='word_1_40' title='bbox 566 1923 809 1977; x_wconf 79' lang='lat' dir='ltr'>Essendo</span> <span class='ocrx_word' id='word_1_41' title='bbox 851 1926 905 1977; x_wconf 91' lang='lat' dir='ltr'>in</span> <span class='ocrx_word' id='word_1_42' title='bbox 946 1926 1270 1995; x_wconf 83' lang='lat' dir='ltr'>compagnia</span> <span class='ocrx_word' id='word_1_43' title='bbox 1308 1925 1375 1979; x_wconf 83' lang='lat' dir='ltr'>de</span> <span class='ocrx_word' id='word_1_44' title='bbox 1416 1926 1472 1980; x_wconf 85' lang='lat' dir='ltr'>la</span> <span class='ocrx_word' id='word_1_45' title='bbox 1510 1927 1621 1979; x_wconf 87' lang='lat' dir='ltr'>mia</span> <span class='ocrx_word' id='word_1_46' title='bbox 1654 1927 1756 1980; x_wconf 79' lang='lat' dir='ltr'>dea</span> 
     </span>
     <span class='ocr_line' id='line_1_9' title="bbox 567 2007 1698 2078; baseline 0.004 -13"><span class='ocrx_word' id='word_1_47' title='bbox 567 2013 611 2065; x_wconf 91' lang='lat' dir='ltr'>E</span> <span class='ocrx_word' id='word_1_48' title='bbox 652 2012 719 2066; x_wconf 83' lang='lat' dir='ltr'>de</span> <span class='ocrx_word' id='word_1_49' title='bbox 760 2013 798 2065; x_wconf 89' lang='lat' dir='ltr'>l’</span> <span class='ocrx_word' id='word_1_50' title='bbox 813 2013 959 2066; x_wconf 78' lang='lat' dir='ltr'>altre</span> <span class='ocrx_word' id='word_1_51' title='bbox 1000 2014 1103 2068; x_wconf 82' lang='lat' dir='ltr'>doe</span> <span class='ocrx_word' id='word_1_52' title='bbox 1138 2007 1310 2078; x_wconf 80' lang='lat' dir='ltr'>belle,</span> <span class='ocrx_word' id='word_1_53' title='bbox 1353 2015 1508 2068; x_wconf 52' lang='lat' dir='ltr'>onde,</span> <span class='ocrx_word' id='word_1_54' title='bbox 1532 2020 1698 2069; x_wconf 79' lang='lat' dir='ltr'>tenea</span> 
     </span>
     <span class='ocr_line' id='line_1_10' title="bbox 567 2103 1827 2176; baseline 0.002 -21"><span class='ocrx_word' id='word_1_55' title='bbox 567 2103 646 2155; x_wconf 89' lang='lat' dir='ltr'>La</span> <span class='ocrx_word' id='word_1_56' title='bbox 673 2103 815 2156; x_wconf 78' lang='lat' dir='ltr'><strong>eima</strong></span> <span class='ocrx_word' id='word_1_57' title='bbox 841 2103 895 2156; x_wconf 89' lang='lat' dir='ltr'>di</span> <span class='ocrx_word' id='word_1_58' title='bbox 922 2121 1022 2157; x_wconf 85' lang='lat' dir='ltr'>sua</span> <span class='ocrx_word' id='word_1_59' title='bbox 1047 2104 1204 2158; x_wconf 81' lang='lat' dir='ltr'><strong>forza</strong></span> <span class='ocrx_word' id='word_1_60' title='bbox 1231 2122 1262 2158; x_wconf 83' lang='lat' dir='ltr'>e</span> <span class='ocrx_word' id='word_1_61' title='bbox 1289 2105 1330 2157; x_wconf 92' lang='lat' dir='ltr'>il</span> <span class='ocrx_word' id='word_1_62' title='bbox 1358 2122 1567 2159; x_wconf 86' lang='lat' dir='ltr'>summo</span> <span class='ocrx_word' id='word_1_63' title='bbox 1598 2105 1827 2176; x_wconf 80' lang='lat' dir='ltr'>impero.</span> 
     </span>
    </p>
   </div>
   <div class='ocr_carea' id='block_1_6' title="bbox 497 2281 1693 2515">
    <p class='ocr_par' dir='ltr' id='par_1_6' title="bbox 497 2281 1693 2515">
     <span class='ocr_line' id='line_1_11' title="bbox 497 2281 1679 2337; baseline 0.001 -3"><span class='ocrx_word' id='word_1_64' title='bbox 497 2281 906 2335; x_wconf 76' lang='lat' dir='ltr'>Gioiosamente</span> <span class='ocrx_word' id='word_1_65' title='bbox 947 2283 1002 2335; x_wconf 88' lang='lat' dir='ltr'>in</span> <span class='ocrx_word' id='word_1_66' title='bbox 1040 2299 1193 2336; x_wconf 85' lang='lat' dir='ltr'>mezo</span> <span class='ocrx_word' id='word_1_67' title='bbox 1235 2300 1268 2336; x_wconf 84' lang='lat' dir='ltr'>a</span> <span class='ocrx_word' id='word_1_68' title='bbox 1307 2283 1396 2337; x_wconf 82' lang='lat' dir='ltr'>lor</span> <span class='ocrx_word' id='word_1_69' title='bbox 1437 2284 1482 2336; x_wconf 85' lang='lat' dir='ltr'>si</span> <span class='ocrx_word' id='word_1_70' title='bbox 1522 2286 1679 2336; x_wconf 78' lang='lat' dir='ltr'><strong>stava</strong></span> 
     </span>
     <span class='ocr_line' id='line_1_12' title="bbox 567 2370 1681 2442; baseline 0.001 -20"><span class='ocrx_word' id='word_1_71' title='bbox 567 2370 846 2424; x_wconf 82' lang='lat' dir='ltr'>Voltando</span> <span class='ocrx_word' id='word_1_72' title='bbox 887 2371 941 2424; x_wconf 86' lang='lat' dir='ltr'>le</span> <span class='ocrx_word' id='word_1_73' title='bbox 983 2389 1080 2425; x_wconf 85' lang='lat' dir='ltr'>sue</span> <span class='ocrx_word' id='word_1_74' title='bbox 1121 2373 1209 2425; x_wconf 83' lang='lat' dir='ltr'>ale</span> <span class='ocrx_word' id='word_1_75' title='bbox 1250 2373 1304 2425; x_wconf 91' lang='lat' dir='ltr'>in</span> <span class='ocrx_word' id='word_1_76' title='bbox 1343 2373 1438 2442; x_wconf 80' lang='lat' dir='ltr'>pi1&#39;1</span> <span class='ocrx_word' id='word_1_77' title='bbox 1485 2372 1681 2435; x_wconf 79' lang='lat' dir='ltr'>colori,</span> 
     </span>
     <span class='ocr_line' id='line_1_13' title="bbox 567 2461 1693 2515; baseline 0.001 -2"><span class='ocrx_word' id='word_1_78' title='bbox 567 2461 610 2512; x_wconf 90' lang='lat' dir='ltr'>E</span> <span class='ocrx_word' id='word_1_79' title='bbox 650 2477 749 2513; x_wconf 84' lang='lat' dir='ltr'>sua</span> <span class='ocrx_word' id='word_1_80' title='bbox 786 2461 1000 2514; x_wconf 80' lang='lat' dir='ltr'>belleza</span> <span class='ocrx_word' id='word_1_81' title='bbox 1037 2465 1186 2515; x_wconf 75' lang='lat' dir='ltr'><strong>tutta</strong></span> <span class='ocrx_word' id='word_1_82' title='bbox 1224 2461 1355 2515; x_wconf 76' lang='lat' dir='ltr'>suot·</span> <span class='ocrx_word' id='word_1_83' title='bbox 1393 2465 1693 2514; x_wconf 76' lang='lat' dir='ltr'><strong>mostrava.</strong></span> 
     </span>
    </p>
   </div>
   <div class='ocr_carea' id='block_1_7' title="bbox 497 2626 1483 2709">
    <p class='ocr_par' dir='ltr' id='par_1_7' title="bbox 497 2626 1483 2709">
     <span class='ocr_line' id='line_1_14' title="bbox 497 2626 1483 2709; baseline -0.001 -17"><span class='ocrx_word' id='word_1_84' title='bbox 497 2639 577 2692; x_wconf 86' lang='lat' dir='ltr'>La</span> <span class='ocrx_word' id='word_1_85' title='bbox 613 2626 773 2692; x_wconf 52' lang='lat' dir='ltr'>terra</span> <span class='ocrx_word' id='word_1_86' title='bbox 811 2640 945 2693; x_wconf 76' lang='lat' dir='ltr'>lieta</span> <span class='ocrx_word' id='word_1_87' title='bbox 984 2640 1303 2709; x_wconf 81' lang='lat' dir='ltr'>germinava</span> <span class='ocrx_word' id='word_1_88' title='bbox 1341 2639 1483 2703; x_wconf 84' lang='lat' dir='ltr'>fiori,</span> 
     </span>
    </p>
   </div>
   <div class='ocr_carea' id='block_1_8' title="bbox 567 2729 1638 2872">
    <p class='ocr_par' dir='ltr' id='par_1_8' title="bbox 567 2729 1638 2872">
     <span class='ocr_line' id='line_1_15' title="bbox 567 2729 1562 2798; baseline 0.001 -18"><span class='ocrx_word' id='word_1_89' title='bbox 567 2730 610 2781; x_wconf 91' lang='lat' dir='ltr'>E</span> <span class='ocrx_word' id='word_1_90' title='bbox 652 2729 691 2781; x_wconf 91' lang='lat' dir='ltr'>il</span> <span class='ocrx_word' id='word_1_91' title='bbox 732 2729 856 2782; x_wconf 82' lang='lat' dir='ltr'>loco</span> <span class='ocrx_word' id='word_1_92' title='bbox 898 2732 1234 2783; x_wconf 72' lang='lat' dir='ltr'>aventuroso</span> <span class='ocrx_word' id='word_1_93' title='bbox 1276 2729 1562 2798; x_wconf 80' lang='lat' dir='ltr'>sospirava</span> 
     </span>
     <span class='ocr_line' id='line_1_16' title="bbox 568 2817 1638 2872; baseline 0.001 -1"><span class='ocrx_word' id='word_1_94' title='bbox 568 2819 632 2871; x_wconf 94' lang='lat' dir='ltr'>Di</span> <span class='ocrx_word' id='word_1_95' title='bbox 674 2819 833 2872; x_wconf 81' lang='lat' dir='ltr'>dolce</span> <span class='ocrx_word' id='word_1_96' title='bbox 872 2818 999 2871; x_wconf 80' lang='lat' dir='ltr'>foco</span> <span class='ocrx_word' id='word_1_97' title='bbox 1042 2835 1071 2871; x_wconf 80' lang='lat' dir='ltr'>e</span> <span class='ocrx_word' id='word_1_98' title='bbox 1112 2817 1423 2872; x_wconf 83' lang='lat' dir='ltr'>d&#39;amorosi</span> <span class='ocrx_word' id='word_1_99' title='bbox 1464 2817 1638 2872; x_wconf 76' lang='lat' dir='ltr'>odori.</span> 
     </span>
    </p>
   </div>
   <div class='ocr_carea' id='block_1_9' title="bbox 362 3261 2056 3305">
    <p class='ocr_par' dir='ltr' id='par_1_9' title="bbox 362 3261 2056 3305">
     <span class='ocr_line' id='line_1_17' title="bbox 362 3261 2056 3305; baseline 0.001 -11"><span class='ocrx_word' id='word_1_100' title='bbox 362 3261 395 3295; x_wconf 87' lang='lat'>3.</span> <span class='ocrx_word' id='word_1_101' title='bbox 422 3261 587 3304; x_wconf 73' lang='lat' dir='ltr'><strong><em>ayionte.</em></strong></span> <span class='ocrx_word' id='word_1_102' title='bbox 678 3262 712 3296; x_wconf 88' lang='lat'>5.</span> <span class='ocrx_word' id='word_1_103' title='bbox 741 3261 921 3305; x_wconf 73' lang='lat' dir='ltr'><strong><em>liyiadro.</em></strong></span> <span class='ocrx_word' id='word_1_104' title='bbox 1014 3262 1048 3297; x_wconf 82' lang='lat'>7.</span> <span class='ocrx_word' id='word_1_105' title='bbox 1075 3263 1150 3297; x_wconf 78' lang='lat' dir='ltr'>due</span> <span class='ocrx_word' id='word_1_106' title='bbox 1177 3262 1272 3298; x_wconf 80' lang='lat' dir='ltr'><em>belle</em></span> <span class='ocrx_word' id='word_1_107' title='bbox 1295 3263 1408 3298; x_wconf 79' lang='lat' dir='ltr'><strong><em>unde.</em></strong></span> <span class='ocrx_word' id='word_1_108' title='bbox 1504 3263 1556 3297; x_wconf 88' lang='lat'>10.</span> <span class='ocrx_word' id='word_1_109' title='bbox 1584 3263 1650 3297; x_wconf 77' lang='lat' dir='ltr'>ali.</span> <span class='ocrx_word' id='word_1_110' title='bbox 1747 3262 1799 3297; x_wconf 86' lang='lat'>14.</span> <span class='ocrx_word' id='word_1_111' title='bbox 1819 3266 1854 3296; x_wconf 82' lang='lat' dir='ltr'>et</span> <span class='ocrx_word' id='word_1_112' title='bbox 1870 3263 2056 3298; x_wconf 76' lang='lat' dir='ltr'><strong><em>amorosi.</em></strong></span> 
     </span>
    </p>
   </div>
  </div>
 </body>
</html>
